3084 4842
561 212 639 267 CAP.
658 218 736 269 6-7,
769 218 784 278 ἓ
805 218 917 268 15-17.
1284 210 1328 275 39

151 376 234 441 eatis
258 380 309 441 est
331 375 443 439 iudici:
467 373 542 439 ‘Hic
564 375 670 439 fectus
694 373 763 438 est?
811 371 878 437 Cur
900 375 963 438 iste
985 374 1096 457 potius
1120 395 1218 458 quam
1242 373 1328 457 ego?

151 465 215 530 Vel
237 464 347 529 nescio
370 465 421 527 vei
445 484 511 527 non
535 462 606 527 dico
629 463 681 526 rel
705 462 856 546 denique,
885 462 970 546 quod
995 462 1075 526 mihi
1100 462 1329 546 gravissimum

110 616 112 621 .
153 557 253 636 esset,
286 553 314 618 si
342 551 494 631 dicerem,
528 550 583 615 sed
611 552 743 635 impune
774 554 884 615 tamen
913 550 1062 615 deberem
1090 549 1207 615 dicere:
1242 549 1329 617 ‘Non

152 640 260 724 recte,'
283 663 362 705 num
382 639 458 724 quid
478 639 697 725 adsequerere,
717 639 745 703 si
763 639 821 702 ilia
842 642 986 703 extremo
1004 638 1188 704 defensione
1212 643 1329 722 uterer,

116 746 133 795 o
152 731 308 814 populum
333 729 418 813 quod
441 727 599 793 uoluisset
622 728 746 811 fecisse,
769 749 834 792 non
860 726 944 810 quod
969 727 1155 792 debuisset?

243 817 317 883 VII.
342 816 447 893 Quid?
471 817 499 881 si
518 817 631 900 populi
648 816 771 882 factum
791 815 936 899 defendo,
959 815 1153 897 Laterensis,
1177 821 1210 880 et
1228 816 1327 882 doceo
1342 818 1381 883 17

154 906 211 972 On.
224 906 395 972 Plancium
413 928 480 970 non
500 905 683 989 obrepsisse
703 906 743 969 ed
762 904 928 988 honorem,
947 905 1003 968 sed
1023 926 1059 970 eo
1079 906 1205 970 venisse
1224 926 1329 987 cursu,

154 996 210 1080 qui
230 1016 358 1078 semper
376 993 520 1077 patuerit
541 994 729 1059 bominibus
752 993 834 1056 ortis
857 993 920 1057 hoc
942 996 1055 1058 nostro
1079 994 1221 1077 equestri
1243 994 1329 1057 loco:

153 1105 329 1167 possumne
359 1083 483 1166 eripere
512 1082 654 1148 orationi
683 1085 760 1146 tuae
790 1081 1030 1146 contentionem
1058 1086 1215 1163 vestrum,
1247 1103 1330 1165 quae

104 1189 137 1237 10
158 1171 293 1236 tractari
312 1171 381 1236 sinc
400 1171 599 1236 contumelia
616 1192 683 1237 non
700 1173 819 1253 potest,
843 1173 926 1234 etto
946 1171 986 1233 ad
1005 1191 1135 1235 causam
1155 1170 1329 1254 aliquando

156 1261 340 1344 crimenque
356 1259 534 1324 deducere?
553 1257 597 1342 si,
616 1258 701 1343 quod
721 1258 841 1342 equitis
855 1258 996 1323 Romani
1014 1259 1100 1322 filius
1120 1262 1178 1341 est,
1195 1258 1330 1323 inferior

155 1370 225 1413 esse
248 1349 368 1431 debuit,
392 1370 504 1413 omncs
527 1354 635 1413 tecum
656 1347 799 1431 equitum
818 1346 1038 1412 Romanorum
1058 1347 1115 1411 filii
1136 1348 1330 1431 petiverunt.

154 1436 249 1502 Nihil
278 1437 349 1502 dico
378 1436 532 1520 emplius3
562 1436 624 1502 hoc
652 1440 761 1500 tamen
790 1436 903 1518 miror,
935 1457 991 1499 cur
1018 1436 1094 1499 huic
1121 1436 1329 1518 potissimum

154 1527 309 1607 irascere,
338 1526 393 1610 qui
415 1525 605 1609 longissime
629 1547 648 1589 e
670 1528 703 1588 te
730 1524 821 1588 afuit.
866 1523 1036 1603 Equidem,
1064 1524 1092 1587 si
1122 1523 1265 1607 quando,
1293 1527 1330 1587 ut

154 1750 266 1805 freilich
280 1751 335 1806 mir
348 1752 413 1806 sehr
422 1750 487 1806 hert
500 1750 716 1816 enirtmefflenn
770 1747 816 1801 die
839 1746 1145 1817 Pschtgesellscheften
1169 1751 1194 1815 (ξ
1209 1755 1251 1803 23.
1273 1752 1328 1818 24),

155 1839 221 1877 men
245 1822 351 1876 kbnnte
380 1822 481 1876 durans
509 1822 563 1875 den
589 1821 716 1875 falechen
769 1819 858 1873 durch
887 1819 932 1873 die
961 1818 1103 1874 dankbere
1129 1819 1258 1875 Fiirbitte
1285 1820 1328 1875 ci-

156 1892 268 1947 Schluis
291 1894 403 1959 ziehen,
427 1892 474 1947 ich
496 1894 537 1946 sei
560 1892 610 1945 der
627 1878 715 1945 Uber-
770 1890 857 1944 cero's
877 1893 902 1958 (5
921 1892 1046 1959 24-26).
1083 1890 1203 1945 Endlich
1227 1890 1268 1945 sei
1286 1891 1327 1945 Pl.

156 1979 297 2101 trinit
313 1961 650 2103 dttitrti‘tt
663 1961 716 2087 tt
768 1960 1328 2088 tristiori?tibitibi

156 2104 225 2158 eber
238 2104 407 2172 gleichwohl
420 2103 544 2172 impune,
563 2076 589 2159 d.
599 2105 626 2158 h,
642 2104 715 2158 ohne
769 2101 896 2171 ltnglich
914 2103 1076 2172 empiohlen
1095 2105 1121 2170 (ξ
1135 2104 1259 2172 27-30).

156 2173 286 2229 Scheden
322 2175 428 2230 moines
459 2173 591 2230 Klienten
627 2191 715 2244 segon
805 2180 830 2227 6,
852 2172 946 2243 Quid?
959 2176 992 2229 si.
1022 2174 1088 2242 quid
1107 2175 1186 2228 fohri
1204 2174 1264 2228 hier
1283 2175 1329 2227 ein

155 2246 271 2312 kbnnte,
290 2245 412 2300 ntmlich
428 2263 458 2301 er
472 2246 513 2300 sei
528 2263 556 2301 es
570 2263 625 2302 non
638 2248 714 2302 recte
767 2260 854 2299 neree
886 2243 1043 2313 Argumont
1074 2243 1129 2298 ein.
1170 2245 1227 2298 Des
1256 2246 1328 2298 erste

155 2316 181 2372 d.
199 2317 226 2371 h.
254 2315 334 2371 nicht
362 2316 435 2371 nach
459 2315 640 2386 wordigkeir
667 2332 715 2387 ge·
767 2331 838 2369 wer:
867 2316 918 2369 das
939 2314 1014 2369 Vollr
1042 2315 1092 2368 hut
1118 2315 1168 2368 ibn
1196 2312 1328 2384 gew'eiblt,

154 2388 267 2442 worden
298 2418 332 2427 —
366 2388 487 2443 wiirdest
519 2389 557 2442 du
589 2389 714 2442 dedurch
768 2386 819 2439 des
852 2386 963 2440 zweitc:
996 2385 1041 2440 die
1062 2384 1148 2438 Wehl
1180 2385 1328 2440 desselben

155 2461 241 2514 etwas
260 2458 421 2528 gewinnen,
444 2476 525 2514 wenn
549 2458 595 2513 ich
619 2459 715 2514 diesen
767 2457 806 2510 ist
823 2474 857 2510 zu
875 2457 1083 2526 rechtfertigen.

154 2528 714 2601 bniserstenEntschuldigungegrund
806 2534 830 2581 7.
858 2527 1005 2595 obrepsisse
1032 2529 1070 2582 cd
1094 2528 1171 2596 hon,
1200 2526 1258 2580 sich
1283 2526 1328 2581 die

154 2601 251 2668 gelten
269 2598 362 2668 lieiee,
387 2600 437 2654 des
456 2600 530 2655 Vollr
548 2601 621 2655 habe
640 2601 714 2654 nach
769 2597 843 2651 Ehre
854 2597 1157 2666 erechleichcn,wiein
1170 2596 1262 2651 Pison.
1277 2603 1326 2663 51.

155 2671 231 2724 einer
262 2672 461 2724 momentonen
492 2672 603 2738 henne,
635 2671 715 2725 nicht
806 2673 848 2722 10.
868 2669 1045 2734 contumelia,
1071 2668 1135 2721 dem
1157 2668 1246 2722 honor
1268 2671 1328 2723 ent·

154 2741 231 2794 nach
247 2739 355 2794 bestem
366 2741 475 2794 Wissen
495 2742 553 2795 und
571 2740 714 2795 Gewiesen
767 2738 978 2808 gegengesettt,
998 2738 1049 2793 wie
1063 2738 1094 2792 in
1108 2739 1187 2793 Verr.
1212 2740 1266 2793 est.
1285 2756 1327 2807 pr.

175 2810 296 2865 euthlt?
330 2809 367 2862 Es
398 2809 489 2865 bleibt
516 2812 588 2866 doch
615 2812 714 2865 immet
767 2814 842 2875 518,
862 2809 1061 2878 ehrenrfihrige
1075 2809 1238 2878 Krtnlrung.

154 2828 491 2936 dssFehtumbestehen:
506 2882 712 2937 hicfeotusest.
803 2881 954 2949 aliquando
973 2906 1006 2926 ε-
1028 2880 1145 2934 tandem
1168 2879 1326 2948 aliquando.

190 2953 263 3021 quod
281 2952 387 3021 opiter,
409 2953 466 3022 vgl.
486 2953 520 3007 de
539 2950 629 3007 Div.I
649 2958 664 3018 ξ
679 2958 712 3007 86
804 2955 846 3006 11.
866 2951 968 3006 crime
980 2951 1033 3006 wie
1048 2956 1091 3016 §4
1109 2952 1154 3005 die
1166 2950 1327 3006 Beschuldi-

155 3039 204 3077 cur
231 3022 282 3077 fiat
305 3023 441 3091 quidque,
469 3023 588 3091 quaeris.
625 3024 713 3078 Recte
766 3038 853 3090 gang.
886 3038 969 3076 ceusu
978 3023 1137 3091 crimenque
1152 3048 1186 3067 =
1200 3021 1237 3089 id,
1252 3022 1328 3091 quod

155 3091 280 3159 omnin03
309 3093 436 3148 sednon
454 3110 529 3149 ncnc
551 3095 582 3149 id
604 3096 713 3163 spitum
766 3093 796 3146 in
814 3091 949 3146 iudicium
967 3094 1052 3148 venit

154 3163 204 3219 fiet
221 3180 310 3218 necne
328 3164 386 3233 fiet,
404 3165 433 3217 id
453 3164 603 3232 quaeritur.
805 3168 846 3217 12.
866 3179 964 3228 omnes,
983 3164 1083 3230 lenter,
1105 3163 1131 3216 d.
1147 3165 1174 3217 h.
1189 3163 1262 3231 Alle,
1281 3164 1326 3218 die

189 3241 214 3288 4.
239 3241 359 3290 extrema
381 3236 502 3301 defectrio
525 3235 632 3289 erkltrt
654 3236 713 3291 sich
768 3233 829 3287 sich
837 3232 891 3287 mit
901 3234 944 3287 dir
954 3234 1110 3301 bewerben‚
1119 3251 1214 3289 waren
1222 3234 1326 3290 Ritter·

155 3321 204 3360 aus
233 3306 288 3360 den
319 3307 569 3375 vorhergehenden
595 3306 714 3361 Wcrten
768 3305 864 3359 sohne.

155 3376 334 3445 veldeuiquc,
350 3377 424 3445 quod
438 3376 509 3430 mihi
520 3379 713 3449 praemiorum
806 3381 847 3429 13.
864 3376 936 3429 nihii
954 3376 980 3431 d.
999 3378 1081 3445 ampl.
1100 3376 1150 3431 Ich
1164 3376 1223 3430 will
1237 3375 1328 3431 demit

155 3450 236 3516 esset,
257 3448 281 3500 si
299 3446 430 3503 dicerem.
766 3445 860 3500 nicbts
878 3447 975 3501 weiter
994 3448 1096 3517 gesagt
1114 3447 1219 3512 haben3
1240 3447 1327 3517 jeden

191 3522 206 3582 ξ
235 3523 348 3571 17-30.
395 3517 455 3572 Den
484 3517 632 3587 Vergleich
664 3518 713 3574 des
767 3515 901 3570 weiteren
923 3517 1073 3587 Vergleich
1095 3516 1178 3572 lehne
1205 3518 1253 3572 ich
1281 3519 1326 3584 eb,

155 3586 197 3642 Pl.
220 3606 246 3642 n.
270 3587 331 3643 Lat.
362 3588 441 3642 lehnt
465 3587 521 3643 Cic.
549 3589 600 3654 ab,
634 3589 714 3643 weist
766 3587 825 3640 und
857 3586 983 3642 entbalte
1010 3588 1086 3642 mich
1118 3589 1195 3643 allen
1221 3588 1326 3643 Urteils

156 3657 224 3711 eber
237 3660 318 3728 nach,
334 3657 394 3713 dass
409 3659 450 3714 Pl.
466 3660 554 3714 durch
564 3659 650 3713 Wahl
663 3660 712 3714 des
767 3658 836 3712 fiber
854 3657 902 3711 sie.

154 3727 261 3781 Volkes
285 3730 335 3782 eui
360 3731 475 3799 gradem
497 3731 555 3784 und
602 3730 712 3785 ewthn·
804 3734 845 3782 14.
865 3730 915 3797 qui
927 3730 1028 3798 lorica
1041 3735 1066 3783 te
1079 3731 1162 3796 afuit.
1194 3729 1326 3783 Dedurch

154 3797 258 3852 lichem
277 3798 366 3881 Wege
389 3817 423 3853 zu
451 3801 541 3866 seiner
567 3801 589 3854 Ε
625 3817 640 3855 e
664 3818 712 3870 ge·
767 3801 850 3854 stand
872 3799 914 3853 Pl.
939 3800 1003 3854 dem
1025 3800 1087 3854 nst.
1113 3816 1144 3853 so
1167 3800 1232 3854 sehr
1253 3799 1324 3865 iern,

154 3868 286 3924 kommen
306 3887 353 3924 ser.
391 3871 633 3940 Denn(§17.18)
653 3872 712 3926 sein
767 3870 826 3924 deis
850 3870 891 3925 Pl.
919 3870 969 3925 ibn
996 3889 1023 3925 u.
1052 3871 1097 3925 die
1123 3869 1192 3925 swei
1220 3870 1325 3924 andern

154 3939 521 3996 ritterlichesHerlrommen
534 3943 574 3996 sei
587 3941 647 3996 ihm
657 3943 712 3997 fdr-
766 3942 915 3995 Bewerber
955 3940 1043 3995 durch
1086 3939 1326 3996 Stimmenenzehl

155 4011 262 4066 derlich
273 4028 409 4081 genesen,
424 4028 455 4067 er
468 4013 508 4067 sei
521 4013 712 4067 vornebmlich
766 4013 899 4066 fibertref.
928 4015 954 4079 (5
969 4013 1023 4080 49.)
1051 4010 1137 4067 Nicht
1150 4030 1180 4066 er
1194 4013 1253 4066 also
1267 4027 1325 4064 wer

155 4084 326 4137 unterstiitzt
339 4084 453 4138 worden
471 4084 558 4137 durch
577 4085 622 4138 die
637 4083 712 4137 Teii·
765 4083 830 4136 dem
859 4084 920 4139 Lat.
948 4080 1119 4148 hinderlich‚
1153 4084 1226 4137 denn
1256 4081 1325 4136 fiber

154 4154 256 4209 nahme
283 4155 333 4208 der
355 4154 502 4223 Atinaten,
532 4156 622 4209 eeiner
645 4155 712 4208 Hei·
766 4154 816 4234 des
835 4153 877 4208 Pl.
890 4153 977 4208 Webl
995 4153 1076 4206 hatte
1096 4152 1146 4207 des
1169 4159 1237 4207 rom.
1251 4150 1326 4204 Volk

155 4225 713 4364 institit,tutudit
766 4223 1331 4361 tititrististristis&

155 4379 210 4416 nen
227 4364 315 4419 Vster
332 4366 390 4419 und
409 4367 508 4421 dessen
527 4365 644 4419 Einfluss
666 4366 717 4419 aui
767 4363 904 4417 Stimmen
930 4362 1123 4417 auseinender.
1159 4361 1221 4415 het.
1244 4359 1326 4415 hoste
