3084 4842
212 239 276 305 102
400 222 629 319 Pae
640 198 874 338 Slr'dltddcffl
895 243 1038 300 ORATIO.

210 405 377 488 servirem,
403 406 604 470 consulerem
627 407 720 490 meis,
749 429 783 471 sc
809 428 876 472 non
898 407 995 473 modo
1022 408 1101 473 satis
1125 408 1245 474 habere
1273 435 1376 497 ame,

211 492 267 556 sed
290 493 388 558 ctiam
408 495 519 580 vereri,
541 516 582 559 ne
601 518 716 580 parum
734 496 815 560 mihi
833 518 892 581 pro
913 518 960 579 eo,
985 501 1140 581 quantum
1160 521 1179 563 a
1202 522 1254 565 me
1276 501 1375 566 habe-

156 588 200 654 93
211 584 274 663 ret,
296 582 514 651 reddidisset..
542 583 646 659 Quid?
677 585 704 649 si
731 585 847 649 horum
880 606 939 670 ego
968 587 1050 650 nihil
1083 580 1191 672 cogito
1225 592 1258 652 et
1289 590 1373 654 idem

211 692 283 734 sum
302 671 336 734 in
356 671 546 756 republica,
564 672 620 756 qui
638 672 686 737 firi
704 695 838 758 semper,
860 677 1011 739 tamenne
1029 675 1212 740 libertatem
1231 679 1374 763 requires

209 758 336 824 meam?
369 782 466 844 qnam
488 763 525 825 tu
547 762 640 844 ponis
663 762 698 826 in
721 784 772 846 eo,
800 763 828 827 si
855 785 982 847 semper
1005 784 1077 828 oum
1099 765 1153 848 iis,
1183 765 1372 850 quibuscum
1392 785 1411 835 5

208 848 383 933 aliquando
411 850 647 933 contendimus,
675 851 906 937 depugnemns.
952 851 1043 928 Quod
1072 857 1122 917 est
1148 854 1246 939 longe
1275 877 1373 921 secus.

209 934 302 1001 Stare
326 937 411 1002 enim
431 960 542 1003 omnes
560 939 713 1005 debemus
731 945 887 1024 tanquam
910 941 944 1004 in
966 940 1044 1005 orbe
1068 942 1177 1026 aliquo
1199 944 1246 1007 rei
1269 945 1373 1029 publi-

207 1047 272 1106 cae,
297 1026 353 1111 qui
372 1027 523 1111 quoniam
542 1031 697 1113 versatur,
719 1050 791 1093 eam
812 1028 951 1114 deligere
970 1034 1105 1114 partem,
1129 1030 1170 1095 ad
1193 1054 1290 1116 quam
1313 1055 1375 1098 nos

209 1114 298 1179 illius
321 1115 445 1181 utilitas
469 1117 618 1200 salusque
641 1118 844 1182 converterit.

296 1202 443 1268 XXXIX.
475 1203 547 1288 Ego
571 1209 679 1270 autem
703 1204 759 1271 On
784 1206 972 1290 Pompeium
1004 1229 1071 1273 non
1099 1207 1170 1273 dico
1202 1213 1374 1295 auctorem,
1396 1230 1432 1280 ιο

209 1291 335 1370 ducem,
363 1292 565 1357 defensorem
594 1294 708 1359 salutis
737 1316 827 1360 meae
857 1333 894 1341 —
925 1318 1001 1360 nam
1028 1297 1106 1362 baec
1134 1297 1286 1381 privatim
1308 1297 1374 1363 for·

207 1383 297 1444 tasse
321 1379 502 1445 officiorum
525 1384 714 1448 memoriam
738 1388 771 1447 et
794 1384 933 1469 gratiam
957 1390 1115 1468 quaerunt
1138 1423 1192 1466 -,
1222 1385 1278 1450 sed
1301 1386 1373 1452 dico

207 1468 278 1552 hoc,
298 1469 382 1553 quod
401 1470 442 1534 ad
461 1471 598 1535 salutem
616 1472 664 1536 rei
681 1473 829 1557 publicae
847 1473 1000 1556 pertinet:
1020 1495 1080 1560 ego
1099 1496 1170 1537 enm
1189 1495 1255 1538 non
1274 1479 1375 1554 tuear,

208 1579 303 1641 quem
331 1580 443 1623 omnes
476 1559 509 1623 in
541 1582 576 1624 re
603 1561 736 1644 publica
763 1561 941 1645 principem
970 1584 1039 1627 esse
1069 1562 1267 1627 concedunt?
1301 1563 1373 1650 Ego

207 1644 243 1716 C.
262 1643 410 1712 Caesaris
429 1648 578 1712 laudibus
597 1649 709 1735 desim,
732 1673 811 1735 quas
830 1651 971 1734 primum
988 1652 1102 1735 populi
1119 1651 1267 1736 Romani,
1289 1674 1374 1719 nunc
1393 1670 1428 1721 15

242 1792 266 1840 2.
288 1802 341 1854 pro
360 1801 398 1853 eo,
422 1791 567 1855 pacatam,
590 1787 646 1857 vgl.
665 1789 711 1842 fin.
726 1789 764 1842 IV
855 1794 896 1846 15.
917 1789 945 1844 0.
966 1789 1099 1844 Caesaris.
1137 1789 1196 1845 Seit
1215 1790 1278 1844 dem
1297 1790 1322 1846 J.
1338 1797 1371 1845 56

205 1861 221 1922 ἕ
236 1862 270 1911 58
285 1873 373 1937 eaque
382 1872 436 1926 pro
449 1874 487 1938 ro,
502 1863 634 1926 pacatam
652 1860 682 1913 in
697 1877 763 1928 quo·
817 1861 896 1915 hatte
908 1861 964 1916 Cio.
978 1860 1008 1914 in
1022 1860 1071 1915 der
1082 1859 1269 1931 Empfindung
1284 1862 1372 1917 aeines

205 1943 260 1996 que
285 1928 323 1980 srt
341 1929 471 1996 ponderis
494 1945 555 1982 esse
577 1928 762 1986 aestimanda.
818 1932 1034 1987 schwindenden
1051 1931 1202 1987 Einflusses
1224 1933 1284 1987 sich
1302 1933 1373 1988 auch

205 1998 467 2124 ..istaista
484 1998 764 2140 ilsdiiiuftllmg
817 2002 1374 2130 {tlt:trttlttrttltzltat

206 2138 261 2194 Cic.
295 2140 442 2210 widerlegt
473 2142 527 2196 den
554 2141 686 2198 Vorwurf
713 2144 763 2198 der
817 2145 919 2215 garade
930 2091 1236 2215 jenesVolksgtribunat
1249 2116 1373 2214 moglicli

204 2210 416 2280 Inkonsequenz
460 2212 489 2267 in
530 2230 601 2283 ganz
639 2213 763 2285 gleicher
815 2215 1373 2287 gemachthattawelchemcic.erlegen

205 2281 301 2336 Weiss
320 2283 356 2336 ad
370 2282 446 2337 Fam.
468 2289 492 2351 1,
511 2289 526 2338 9
546 2303 572 2339 ιι.
591 2287 673 2340 weist
690 2284 762 2338 auch
816 2300 873 2337 war
901 2286 947 2353 (ad
975 2286 1050 2339 Fam.
1081 2291 1109 2354 1,
1129 2288 1164 2355 9).
1211 2286 1305 2342 Schon
1331 2288 1373 2342 als

205 2352 243 2434 da
260 2353 345 2420 nach,
368 2352 428 2407 dass
447 2354 491 2410 die
510 2356 762 2426 Parteistellungen
816 2353 871 2408 Cic.
899 2356 954 2409 den
977 2354 1140 2426 Schrttzling
1163 2356 1292 2425 Caesare,
1319 2358 1372 2412 den

204 2424 266 2478 siah
284 2425 433 2495 geandert,
455 2424 517 2480 dass
541 2444 570 2480 er
592 2426 709 2481 deshalb
732 2427 761 2479 in
815 2424 957 2493 Vatinius,
985 2424 1098 2494 anguli,
1130 2428 1234 2480 nannte
1258 2444 1288 2480 er
1317 2429 1372 2481 den

204 2495 301 2550 seinen
331 2494 593 2566 Entschliessnngen
625 2515 676 2551 nur
708 2498 762 2551 den
816 2496 893 2550 Caes.
918 2501 983 2561 §22
1011 2496 1259 2550 clementissimum
1286 2499 1371 2565 atqua

203 2568 361 2621 Interessen
381 2567 429 2621 des
449 2568 558 2622 Staates
583 2569 690 2636 gefolgt
713 2568 760 2622 sei.
816 2564 952 2635 optimum
975 2564 1078 2634 virum,
1109 2568 1202 2636 spater
1229 2567 1316 2621 setzte
1340 2584 1371 2621 er

240 2644 265 2691 7.
284 2640 316 2693 ia
333 2640 404 2693 orbe.
429 2636 637 2692 DasselbeBild
652 2637 688 2690 ad
701 2637 759 2691 Att.
814 2638 852 2691 im
869 2635 969 2692 Senate
988 2635 1082 2704 durch,
1102 2637 1163 2691 dass
1182 2636 1232 2691 das
1248 2637 1371 2707 jnliachc

204 2716 229 2777 2,
246 2715 274 2763 9:
293 2708 401 2778 festive,
420 2708 593 2774 mihicrede,
612 2710 640 2762 ct
654 2708 761 2763 minore
815 2708 999 2778 Aclrergesetz
1015 2726 1060 2763 am
1077 2714 1116 2761 15.
1132 2708 1192 2762 Mai
1204 2708 1374 2764 verbandelt
1527 2720 1530 2757 l

204 2781 306 2848 sonitu,
326 2797 411 2849 quam
424 2782 561 2848 putarem,
577 2778 652 2833 orbis
666 2777 713 2833 hic
731 2780 761 2833 in
815 2781 926 2834 werden
950 2779 1040 2835 sollte.
1078 2779 1141 2834 Von
1165 2778 1262 2834 seinen
1280 2778 1370 2834 Grun-

203 2869 233 2907 re
252 2869 279 2920 p.
299 2853 343 2906 est
361 2866 522 2906 conversus:
543 2849 624 2905 citius
639 2850 759 2919 omnino,
815 2851 869 2905 den
883 2851 962 2920 giebt
975 2869 1005 2906 er
1018 2852 1048 2904 in
1062 2851 1124 2906 dem
1139 2850 1230 2906 Briefe
1250 2868 1285 2905 an
1301 2851 1371 2906 Len·

203 2939 289 2991 quam
306 2923 406 2992 potuit.
814 2922 890 2975 tnlus
908 2923 981 2977 nach
996 2920 1112 2977 Cilicien
1129 2923 1186 2976 und
1205 2940 1241 2976 an
1260 2922 1370 2977 Atticus

203 2998 264 3117 hb.
283 2995 474 3063 quiquoniam
492 3008 513 3045 c.
533 3018 567 3037 =
586 2994 615 3048 et
628 2993 760 3061 quoniam
814 2991 1018 3117 ξιξειιῒὶιειιεῗιαῐ)
1046 2993 1094 3076 (ad
1118 2995 1176 3117 hil}
1200 2999 1229 3118 p,
1255 2995 1292 3062 b).
1307 2993 1372 3117 dEr

223 3080 257 3118 rc.
878 3081 946 3118 esic
980 3083 1014 3117 zu
1031 3080 1135 3119 serrem
1174 3082 1202 3119 es
1216 3081 1250 3118 cn
1265 3083 1292 3118 ιι.
1326 3081 1369 3118 em

241 3139 281 3187 10.
310 3132 358 3189 Oa.
380 3135 547 3203 Pompeiam.
587 3134 644 3188 Des
662 3134 758 3204 Pomp.
813 3082 915 3189 thle
930 3135 979 3189 der
992 3135 1061 3203 Rep.
1080 3135 1110 3189 in
1127 3136 1183 3188 den
1196 3134 1303 3189 Willen
1321 3136 1370 3190 des

202 3204 365 3259 Verbaltnis
384 3223 417 3257 zu
432 3204 487 3258 Cic.
507 3202 586 3257 stellt
601 3204 691 3258 dieser
708 3222 759 3273 pro
813 3204 989 3274 Machtigem
1019 3206 1068 3258 dar
1101 3203 1161 3260 sein
1192 3207 1250 3259 und
1282 3204 1370 3261 seines

204 3275 275 3331 Rab.
290 3274 365 3331 Post.
380 3281 395 3340 ς
410 3279 444 3327 33
459 3275 517 3341 dar,
536 3293 563 3329 n.
583 3273 759 3343 dieGrfinde,
813 3274 932 3330 Bruders
958 3276 1069 3331 Preund
1096 3293 1166 3344 war,
1196 3277 1226 3346 ja
1254 3293 1283 3331 er
1310 3292 1370 3331 ver·

203 3347 327 3402 weshalb
346 3363 376 3401 er
393 3343 454 3399 sich
470 3345 563 3416 jenem
589 3343 759 3413 anschliesst,
813 3344 932 3415 teidigtc
947 3346 1018 3401 auch
1033 3348 1087 3401 den
1100 3346 1230 3402 Vatinius
1247 3366 1273 3402 n.
1288 3348 1370 3402 stand

202 3418 281 3472 fdhrt
312 3434 341 3472 er
377 3434 427 3471 aus
454 3417 505 3486 Ep.
538 3416 574 3471 ad
601 3416 679 3471 Lent.
713 3418 760 3483 (ad
814 3417 886 3472 auch
904 3420 999 3488 spater
1020 3418 1074 3472 mit
1092 3418 1168 3473 Caes.
1193 3418 1221 3472 in
1240 3417 1369 3474 verbind-

203 3487 302 3543 Pamil.
324 3496 347 3555 1,
366 3490 393 3553 9)
412 3507 438 3545 ιι,
457 3488 487 3542 in
505 3487 560 3543 Pis.
575 3493 642 3553 §lt
659 3486 758 3544 -Cic
812 3488 902 3542 licher
924 3489 1151 3558 Korrespondena
1178 3491 1225 3560 (ad
1248 3490 1324 3545 Fam.
1344 3495 1369 3557 t,

203 3560 312 3614 errabit
328 3577 379 3629 pro
399 3559 470 3615 Sest.
490 3565 566 3627 574,
586 3558 647 3613 dass
661 3560 759 3629 Pomp.
814 3561 850 3625 9).
876 3557 977 3614 Caesar
990 3561 1118 3616 bedurlto
1133 3560 1243 3615 Ciceros
1258 3561 1369 3627 Talent,

204 3631 243 3685 im
258 3632 345 3687 Sonat
360 3632 405 3686 ldr
424 3629 500 3686 scine
516 3630 762 3701 Zuriiclrberufung
815 3649 863 3685 um
889 3631 919 3685 in
943 3630 1052 3686 Gallien
1080 3633 1155 3686 seine
1173 3630 1260 3686 Pl'rtne
1286 3631 1370 3701 ruhig

201 3703 383 3772 gesprachen,
401 3703 460 3758 und
479 3707 574 3771 5107,
598 3702 659 3755 dass
678 3718 708 3756 er
731 3719 761 3757 se
814 3702 903 3756 reifen
920 3721 953 3756 au
970 3701 1064 3758 lassen
1081 3704 1138 3757 und
1156 3702 1235 3757 nicht
1252 3718 1302 3756 vor
1320 3702 1369 3756 der

203 3789 262 3827 non
281 3776 371 3828 solum
390 3776 531 3829 auctorem
552 3788 631 3827 meae
654 3773 761 3842 salutis,
815 3771 876 3827 Zeit
907 3772 993 3827 durch
1024 3772 1086 3828 eine
1111 3772 1293 3844 Verbindung
1320 3773 1369 3827 des

203 3844 253 3898 sed
285 3845 370 3900 etiam
402 3844 557 3915 supplicem
590 3843 694 3913 populo
726 3843 758 3899 R.
814 3844 910 3914 Pomp.
944 3843 997 3897 mit
1027 3845 1081 3899 den
1113 3843 1274 3913 Optimaten
1307 3861 1369 3898 zum

202 3914 344 3984 professus
377 3919 428 3971 est.
465 3946 499 3957 -
536 3917 569 3968 In
597 3915 653 3969 Pis.
686 3919 701 3979 5
725 3921 760 3969 35
813 3913 1017 3986 Bilrgerkriege
1035 3917 1173 3985 gedrtngt
1194 3933 1228 3970 zu
1245 3915 1368 3981 werden3

202 3986 326 4040 schreibt
344 4003 375 4040 er
392 3986 450 4041 ihm
470 3987 519 4041 das
539 3985 567 4040 S.
585 3985 613 4040 O.
634 4003 666 4038 ιιι
685 3987 717 4039 nt
735 3985 759 4039 si
813 4001 843 4039 er
868 3985 977 4040 schrieb
1004 3986 1064 4040 ihm
1086 4003 1140 4043 aus
1160 3985 1283 4056 Gallien3
1312 3983 1367 4040 Cic.

202 4057 264 4126 quis
285 4056 450 4126 impedisset
471 4056 592 4112 reditum
614 4073 706 4110 meum
729 4057 760 4110 in
813 4058 980 4111 antwortete
997 4057 1056 4111 voll
1074 4057 1238 4128 Verehrung
1259 4075 1286 4113 u.
1311 4058 1369 4111 trat

201 4127 454 4184 hostiumnumero
468 4128 614 4198 putaretur
627 4126 759 4192 nnd580
812 4127 842 4181 in
873 4128 1033 4183 mehrfache
1067 4127 1241 4198 persbnliche
1273 4127 1368 4182 Beria-

194 4200 269 4270 'sagt
287 4217 317 4254 er
331 4217 385 4255 von
404 4200 475 4254 ihm:
494 4216 539 4254 me
558 4197 684 4252 omnibus
702 4199 759 4252 suis
813 4200 925 4268 hungeri
944 4216 978 4252 zu
995 4198 1063 4266 ihm,
1082 4199 1205 4254 obschon
1225 4199 1285 4254 dies
1308 4197 1368 4251 ihm

203 4270 318 4339 studiis,
345 4271 501 4337 laboribus,
526 4270 600 4324 vitae
627 4268 759 4339 perieulis
813 4268 1072 4325 wiedorholentlich
1092 4269 1283 4339 vorgeworfen
1301 4286 1367 4336 war,

202 4341 363 4412 complexus
388 4346 438 4397 est.
474 4342 571 4410 Pomp.
600 4343 684 4396 adhnt
709 4340 759 4395 ihn
813 4338 869 4409 vgl.
889 4340 924 4394 de
942 4358 1019 4408 prov.
1040 4358 1113 4396 cons.
1136 4346 1199 4405 §18
1217 4358 1244 4395 ιι.
1264 4358 1305 4411 cp.
1325 4346 1367 4396 17.

201 4414 255 4468 mit
273 4413 374 4469 Caesar
391 4431 442 4469 aus
460 4412 497 4469 ad
514 4414 592 4468 Pam.
611 4418 636 4481 5,
655 4417 679 4468 9.
812 4426 863 4480 pro
882 4412 959 4468 Balb.
980 4417 994 4478 ξ
1009 4418 1051 4467 61.
1069 4413 1098 4466 in
1117 4412 1208 4466 Pison.
1229 4417 1300 4477 §⁷9-
