3084 4842
568 228 646 285 cAP.
662 234 775 283 14-15.
808 233 951 293 ser-ec.
1308 228 1352 293 55
1394 223 1397 226 ’

182 397 242 475 est,
260 392 345 476 quod
365 391 446 454 mihi
465 391 582 455 scitum
601 412 671 454 esse
688 390 836 455 videatur
855 395 888 455 et
906 391 1036 456 homine
1055 391 1195 473 ingenuo
1215 390 1351 473 dignum

183 485 279 565 atque
304 481 408 562 docte,
434 500 500 543 non
529 500 699 562 aspernor:
730 479 925 563 stomachor,
952 500 1026 543 cum
1049 479 1186 543 aliorum
1209 499 1276 542 non
1300 499 1353 541 me

183 568 282 651 digna
305 569 339 632 in
362 588 414 631 me
437 567 655 631 conferuntur.
700 564 787 631 Nam
811 569 896 650 quod
919 567 1041 651 primus
1066 567 1162 631 scivit
1184 566 1291 649 legem
1315 565 1353 630 de

183 656 365 739 publicanis
389 658 469 740 tum,
493 677 565 720 cum
588 655 638 718 vir
661 655 882 738 amplissimus
906 656 1019 720 consul
1043 656 1077 719 id
1099 655 1149 718 illi
1167 654 1274 720 ordini
1296 674 1354 736 per

147 745 339 827 epopulum
358 744 462 826 dedit,
485 744 571 827 quod
592 764 651 827 per
674 748 831 825 senatum,
855 745 883 807 si
906 744 1065 824 licuisset,
1089 743 1244 808 dedisset:
1269 741 1353 805 siin

107 844 112 853 “
182 854 220 896 eo
241 832 363 896 crimen
381 836 439 914 est,
458 832 534 915 quia
553 830 743 914 suffragium
761 831 849 915 tulit,
873 833 945 916 quis
964 853 1030 898 non
1048 831 1125 895 tulit
1141 829 1355 914 publicanus?

182 920 223 1002 si,
253 922 329 1005 quia
357 919 481 1002 primus
510 920 619 1002 scivit,
646 921 757 983 utrum
780 919 812 983 id
837 921 938 984 sortis
962 942 1032 985 esse
1055 919 1104 983 vis
1130 919 1272 1001 arreins,
1301 918 1356 1001 qui

182 1008 273 1072 illam
301 1008 407 1093 legem
435 1006 581 1072 ferebat?
628 1005 662 1071 Si
691 1007 803 1091 sortis,
830 1010 956 1073 nullum
985 1009 1106 1072 crimen
1129 1011 1180 1071 est
1207 1007 1242 1069 in
1265 1028 1356 1071 casu:

182 1096 210 1159 si
242 1096 397 1180 consulis,
426 1096 576 1178 splendor
599 1095 698 1159 etiam
721 1094 846 1161 Plancii
875 1097 960 1162 hunc
984 1119 1004 1160 a
1027 1117 1152 1161 summo
1176 1095 1245 1159 viro
1269 1094 1356 1178 prin-

134 1201 169 1250 10
188 1183 294 1268 cipem
317 1206 388 1248 esse
411 1183 534 1249 ordinis
557 1184 743 1249 iudicatum.

276 1271 347 1336 XV.
381 1270 445 1336 Sed
468 1271 642 1356 aliquando
660 1272 828 1337 veniamus
853 1274 894 1337 ad
918 1295 1059 1338 oausam.
1095 1272 1133 1335 ln
1157 1273 1280 1355 quatu
1302 1291 1359 1334 no·
1371 1270 1413 1336 36

184 1361 270 1424 mine
299 1361 381 1445 legis
408 1360 565 1444 Liciniae,
599 1382 681 1444 quae
715 1364 765 1424 est
793 1361 832 1425 de
865 1362 1045 1445 sodaliciis,
1077 1381 1187 1424 omnes
1220 1358 1360 1422 ambitus

187 1449 278 1533 leges
303 1449 489 1533 complexus
514 1471 557 1513 es.
598 1446 710 1532 Neque
735 1449 820 1512 enim
844 1451 1021 1535 quidquam
1045 1449 1130 1512 aliud
1154 1447 1189 1510 in
1210 1447 1272 1510 hac
1290 1447 1362 1529 lege

188 1536 255 1600 nisi
279 1535 426 1601 editicios
450 1536 571 1601 iudices
595 1558 629 1601 es
654 1541 796 1601 secutus:
821 1538 907 1620 quod
930 1558 1033 1621 genus
1055 1535 1247 1600 iudiciorum
1266 1535 1294 1598 si
1314 1537 1363 1598 cst

140 1639 174 1690 15
195 1644 336 1707 aequum
363 1625 430 1688 ulla
456 1625 491 1689 in
513 1646 548 1697 re
570 1624 635 1688 nisi
657 1625 692 1688 in
714 1625 776 1689 hac
799 1625 966 1709 tribuaria,
988 1646 1054 1689 non
1077 1623 1241 1705 intellego,
1264 1643 1361 1704 quam

219 1785 243 1833 3.
275 1780 386 1848 primus
417 1781 498 1836 eavit
529 1781 578 1850 leq.
625 1778 667 1833 Pl.
695 1779 745 1833 der
837 1785 877 1834 11.
898 1780 952 1835 Sed
970 1797 1018 1833 zur
1031 1777 1209 1848 Einfrihrung
1223 1778 1272 1832 des
1286 1776 1358 1831 redi·

184 1847 273 1903 Vater
295 1851 382 1904 nahm
401 1850 501 1904 Casars
519 1850 565 1904 lex
588 1851 680 1903 zuerst
701 1866 745 1904 an.
800 1851 846 1904 tus
870 1852 908 1905 ad
933 1866 1012 1931 prop.
1036 1866 1087 1904 ans
1109 1850 1160 1902 der
1182 1848 1361 1918 Degression.

218 1924 244 1973 4.
273 1922 375 1974 consul.
419 1920 448 1974 O.
475 1920 561 1974 Iulius
590 1919 691 1975 Caesar
719 1937 745 1974 a.
799 1919 852 1975 Die
863 1921 1010 1975 Part1lreln
1023 1922 1072 1975 sed
1086 1920 1143 1975 und
1156 1937 1254 1974 verum
1267 1917 1361 1973 haben

189 1993 241 2042 695
261 1990 325 2058 (59).
361 1990 415 2043 Die
437 1991 483 2044 lex
500 1990 573 2044 Iulia
596 1991 630 2044 de
652 1991 745 2059 publi·
800 1992 845 2046 die
873 1991 969 2061 Kraft,
1000 1991 1061 2046 eine
1088 1990 1280 2059 angehndpfte
1308 1990 1360 2042 Be·

187 2058 263 2113 canis
280 2061 367 2113 setzte
381 2060 444 2128 fest,
463 2060 524 2115 dass
538 2061 594 2114 den
606 2061 746 2115 Pachtern
800 2063 953 2133 trachtung
975 2063 1058 2117 raseh
1086 2062 1279 2116 abzuhrechen
1302 2060 1360 2113 und

186 2127 236 2182 der
255 2129 340 2185 dritte
359 2129 420 2185 Teil
443 2132 493 2186 der
510 2131 601 2186 Pacht
624 2132 747 2186 erlassen
800 2133 888 2187 durch
902 2132 1021 2204 Angabe
1040 2133 1115 2186 eines
1132 2147 1224 2185 neuen
1238 2130 1360 2184 Thomas

186 2200 297 2254 werden
312 2200 403 2255 sollte.
419 2201 495 2256 Suet.
505 2200 583 2256 Caes.
593 2208 642 2257 20:
652 2202 746 2257 Publi·
802 2204 869 2257 oder
883 2204 971 2258 durch
985 2202 1137 2257 Riichkehr
1151 2220 1212 2255 zum
1231 2201 1310 2254 alten
1328 2219 1361 2253 zu

185 2286 271 2324 canos
295 2272 486 2327 remissionem
510 2274 638 2341 petentes
661 2274 747 2327 tertia
801 2273 892 2328 einem
908 2291 998 2328 neuen
1014 2273 1092 2327 Teile
1107 2273 1156 2325 der
1168 2271 1362 2338 Betraehtung

184 2341 346 2396 mercedum
374 2345 454 2413 parte
478 2344 627 2409 relevavit3
655 2361 688 2398 ac
711 2361 746 2398 ne
800 2344 1015 2399 fiberzuffihren.

186 2411 215 2464 in
241 2411 383 2467 locatione
405 2431 541 2469 novorum
563 2413 746 2483 vectigalium
837 2415 988 2483 aliquando
1007 2440 1042 2460 =
1059 2411 1175 2466 tandem
1200 2411 1360 2479 aliquando.

185 2481 400 2539 immoderatius
426 2483 579 2540 licerentnr
601 2485 747 2571 propalam
836 2501 949 2539 caueam
964 2510 997 2530 =
1012 2485 1047 2538 ad
1064 2499 1132 2550 rem,
1152 2498 1224 2551 quae
1242 2483 1272 2557 ip
1289 2480 1362 2534 iudi-

185 2553 302 2608 monuit.
334 2555 388 2609 Dio
404 2555 476 2611 Cass.
496 2562 541 2621 38,
556 2562 585 2610 7:
606 2560 746 2624 οΚαῑσαρ
802 2553 877 2609 cium
891 2553 977 2609 venit.
1009 2555 1078 2608 Hier
1091 2554 1136 2606 die
1150 2554 1248 2621 Frage,
1269 2551 1304 2606 ob
1319 2552 1361 2607 Pl.

185 2617 365 2692 ἀνηρτήσατο
383 2623 450 2687 τοὺς
468 2623 583 2693 ἱππέας,
604 2622 636 2678 τὸ
654 2643 746 2692 τριτη-
799 2624 872 2678 nach
890 2623 939 2679 der
962 2626 1008 2680 lex
1026 2623 1134 2679 Licinia
1157 2622 1287 2692 schuldig
1312 2622 1361 2691 sei,

185 2690 284 2760 μόριόν
308 2712 389 2763 σφισι
410 2697 467 2749 τῶν
489 2696 584 2763 τελῶν,
608 2689 627 2747 ἃ
651 2690 745 2763 ἐμεμί-
799 2695 854 2749 mit
871 2693 949 2749 Hilfe
971 2712 1026 2750 von
1044 2696 1133 2748 Klubs
1156 2695 1207 2747 das
1224 2693 1293 2746 Amt
1313 2708 1361 2760 ge·

186 2765 280 2816 σθωτο
300 2759 391 2831 ἀφείς.
801 2781 920 2819 wonnen
940 2782 974 2819 zu
992 2766 1092 2820 haben.
1126 2763 1182 2818 Cic.
1199 2762 1290 2818 tadelt
1309 2763 1362 2817 den

90 2838 97 2845 ’
223 2838 247 2887 7.
280 2836 376 2902 sortia,
414 2837 488 2889 denn
524 2851 553 2889 es
584 2834 747 2889 bestimmte
800 2835 902 2902 Later,
917 2836 979 2890 dass
993 2836 1088 2890 erden
1096 2834 1204 2889 Beweis
1219 2833 1268 2887 der
1283 2833 1362 2886 soda-

130 2927 133 2931 <
187 2902 263 2956 wohl
285 2903 334 2957 das
353 2904 408 2959 Iros
432 2904 477 2958 die
496 2904 694 2973 Reihenfolge,
717 2905 748 2958 in
801 2904 869 2958 licia
885 2904 965 2959 nicht
984 2907 1157 2975 angetreten‚
1176 2905 1296 2959 sondern
1309 2921 1362 2957 nur

187 2972 310 3027 welcher
342 2974 388 3030 die
419 2974 518 3030 Tribus
550 2994 584 3029 zu
618 2976 748 3042 stimmen
802 2975 893 3044 Dinge
930 2978 1116 3046 vorgebracht
1152 2976 1237 3043 habe,
1277 2975 1362 3029 deren

187 3043 302 3111 hatten,
327 3045 396 3099 oder
414 3047 463 3101 der
482 3046 532 3099 der
548 3044 749 3116 Abstimmung
802 3062 900 3115 wegen
918 3046 960 3102 Pl.
978 3047 1124 3101 vielleicht
1145 3047 1218 3100 nach
1242 3044 1296 3100 den
1313 3045 1362 3099 be·

187 3114 364 3170 vorsitaende
382 3117 546 3185 Magistrat,
569 3116 630 3171 hier
651 3117 676 3170 is
700 3117 748 3185 qui
803 3117 956 3171 stehenden
975 3116 1250 3173 ambitus-(desetzen
1267 3135 1301 3170 zu
1313 3116 1362 3171 be·

188 3184 281 3253 legem
311 3185 433 3255 ferebat,
462 3187 571 3242 Caesar.
604 3186 661 3256 vgl.
688 3186 746 3242 niv.
802 3187 904 3256 langen
922 3205 988 3243 war.

186 3259 229 3323 24,
250 3261 274 3310 7.
304 3261 346 3324 2⁷,
366 3264 390 3312 6.
839 3263 880 3312 12.
900 3260 943 3313 lex
956 3260 1072 3313 Moiaia
1086 3289 1119 3298 -
1134 3274 1225 3313 omnes
1243 3257 1363 3311 ambitae

222 3331 246 3380 9.
264 3327 403 3394 boemo.
424 3331 534 3399 patrem
552 3328 668 3383 Plancii.
802 3329 870 3396 lepos
893 3360 926 3370 -
950 3331 1034 3385 iudic.
1058 3330 1146 3384 editio.
1177 3327 1264 3397 vcrgl.
1287 3326 1361 3383 Einl.

221 3402 377 3461 §36-66.
416 3398 662 3455 ZweiterTeil
689 3399 748 3454 der
802 3403 971 3464 §515-18.
1090 3446 1092 3449 .
1251 3414 1254 3419 ·

186 3467 284 3521 Rede.
308 3468 403 3524 Cicero
416 3471 496 3526 weist
510 3471 593 3538 nach,
608 3468 668 3523 dass
683 3470 748 3523 dem
840 3474 880 3522 13.
896 3470 990 3538 Neque
1004 3471 1074 3524 euim
1084 3500 1118 3508 —
1128 3485 1155 3523 ee
1168 3474 1283 3535 secutas,
1296 3468 1361 3523 dieh

187 3537 347 3592 Laterensis
372 3540 589 3610 Beweisgriinde
616 3542 661 3594 fiir
685 3556 747 3594 vor·
801 3540 854 3594 hat
866 3540 933 3593 hein
947 3541 1062 3594 anderes
1074 3540 1165 3594 Motiv
1179 3539 1304 3608 geleitet,
1320 3539 1362 3593 als

189 3624 371 3674 genommene
399 3611 612 3691 Bestechungen
644 3610 747 3677 fehlen‚
802 3610 848 3664 die
867 3609 953 3664 Wahl
971 3627 1025 3665 von
1044 3610 1187 3665 Richtern.

190 3683 347 3742 §ee-48.
393 3680 484 3737 Later.
510 3679 667 3749 bezrchtigt
694 3680 749 3735 den
840 3686 881 3734 14.
900 3683 926 3735 ai
943 3684 981 3735 eet
994 3698 1110 3750 aequum
1122 3682 1182 3735 ullu
1195 3680 1227 3734 in
1242 3696 1279 3734 re.
1306 3678 1362 3734 Cic.

190 3745 240 3801 Cn.
254 3747 295 3803 Pl.
309 3768 362 3804 nur
375 3752 424 3807 des
439 3752 570 3818 ambitus,
588 3750 668 3806 nicht
681 3752 749 3806 aber
802 3751 905 3806 nimmt
930 3768 980 3805 an:
1007 3768 1064 3807 non
1087 3752 1131 3804 est
1157 3765 1278 3818 aequum
1303 3748 1363 3804 ulla

190 3818 240 3872 der
258 3819 400 3891 sodalieia,
419 3824 478 3877 und
491 3823 603 3877 wendet
616 3822 689 3877 doch
703 3822 748 3876 die
803 3822 861 3876 alia
878 3821 909 3876 in
927 3839 971 3891 re,
994 3823 1050 3876 und
1069 3821 1197 3876 verstcht
1213 3821 1295 3874 anter
1318 3835 1362 3874 res

188 3889 235 3942 lex
245 3888 353 3946 Licinia
367 3908 458 3962 gegen
471 3894 520 3947 ihn
535 3910 579 3949 an,
599 3890 748 3962 Giezeigt,
803 3893 859 3946 den
883 3894 1115 3962 ebengenannten
1138 3890 1268 3945 ambitus.
1306 3890 1363 3945 Der

189 3959 251 4014 dass
279 3960 357 4016 diese
384 3963 430 4018 lex
454 3964 548 4018 weder
574 3964 635 4017 hier
663 3979 749 4032 ange·
805 3961 874 4016 Sinn
896 3963 948 4018 ist:
973 3963 1018 4016 die
1036 3962 1093 4018 iud.
1112 3961 1179 4016 edit.
1198 3962 1287 4016 sollen
1310 3979 1364 4015 nur

188 4030 301 4086 wendet
332 4034 444 4088 werden
476 4035 581 4101 kenne,
615 4033 687 4088 noch
720 4033 750 4086 in
803 4031 833 4087 in
852 4049 937 4088 eausa
958 4033 1044 4088 sodal.
1063 4033 1172 4103 gelten3
1196 4031 1234 4085 du
1252 4032 1364 4102 bringst

188 4100 279 4156 ihrem
290 4102 487 4174 Sinnerichtig
502 4105 686 4174 angewendet
701 4105 749 4171 sei,
804 4122 857 4157 nur
874 4104 996 4159 ambitus
1015 4120 1066 4158 vor
1082 4103 1141 4157 und
1158 4103 1273 4157 nimmst
1289 4103 1362 4156 doch

189 4172 247 4224 und
269 4172 355 4228 heilst
378 4174 433 4228 den
457 4175 581 4243 Gegner,
607 4175 657 4228 das
679 4172 749 4228 Ver·
803 4172 860 4228 iud.
885 4174 965 4241 edit.;
993 4190 1074 4228 wenn
1102 4174 1178 4228 diese
1205 4173 1235 4227 in
1263 4170 1363 4240 irgend

189 4240 311 4298 brechen
339 4245 389 4299 der
412 4245 635 4300 Wahlnmtriebe
660 4244 749 4298 durch
804 4243 881 4298 einer
908 4246 1014 4299 andern
1043 4244 1131 4298 Sache
1162 4243 1236 4297 noch
1266 4243 1363 4311 gellen

190 4310 278 4368 Klubs
307 4316 528 4371 nachzuweisen.
565 4313 651 4382 vergl.
676 4314 748 4370 Einl.
803 4313 901 4383 sollen,
920 4331 949 4369 so
964 4315 1030 4368 sehe
1044 4314 1091 4367 ich
1104 4314 1184 4367 nicht
1198 4312 1244 4365 ein
1257 4330 1361 4367 usw.

190 4385 221 4447 §§
236 4389 269 4438 19
283 4384 311 4439 ff.
339 4391 373 4439 23
388 4386 416 4439 ff.
841 4389 882 4437 15.
897 4401 939 4440 ree
952 4384 1093 4438 tribuaria
1105 4382 1144 4435 ist
1154 4381 1234 4450 jeder
1242 4381 1361 4449 Handel,
