3084 4842
572 221 650 277 666.
669 228 784 277 61-66.
817 228 960 289 §rc-rs.
1308 193 1351 288 89

182 408 235 450 me
262 386 379 450 6666116
402 406 645 450 commemoras.
687 382 747 449 Cui
771 384 899 468 quidem
923 405 998 468 ego,
1025 387 1109 450 sicut
1132 384 1190 452 On.
1207 385 1351 468 Plancio,

182 496 348 559 nunquam
367 474 569 539 dissimulavi
591 496 643 538 me
666 473 840 556 plurimum
860 473 977 538 debere
996 495 1184 558 semperque
1202 497 1280 558 prae
1299 497 1350 540 me

181 564 299 647 feram3
327 563 435 627 nullas
460 563 547 626 enim
569 562 633 626 sibi
659 562 714 627 1116
737 583 840 646 neque
864 563 1086 627 contentiones
1113 584 1218 647 neque
1244 564 1351 629 inimi·

183 653 278 717 citius
300 673 403 736 neque
426 652 513 716 vitae
536 650 761 715 dimicationes
784 672 921 735 necpro
940 651 1122 736 republica
1143 674 1203 718 666
1221 674 1279 736 pro
1299 675 1350 717 me
1454 733 1456 739 Α

143 761 164 809 c
184 740 394 826 defugiendas
419 740 556 822 putavit.
601 738 709 823 Atque
735 739 876 822 utinam,
903 761 1000 823 quam
1024 761 1096 826 ego¹
1109 763 1180 806 sum
1202 741 1237 805 16
1259 741 1351 807 illum

183 834 311 914 gratus,
341 834 411 895 tam
440 829 586 893 licuisset
613 850 671 912 per
696 828 866 894 hominum
893 830 960 892 vim
987 832 1020 893 et
1048 830 1201 894 iniuriam
1228 832 1350 915 populo

182 918 331 983 Romano
355 919 384 982 ai
412 919 551 1003 gratiam
578 918 711 982 referre!
758 914 822 980 Sed
846 918 873 981 61
900 939 968 981 666
990 918 1103 982 eadem
1126 919 1292 983 contendit
1314 920 1350 985 16

179 1008 352 1073 tribunatu
374 1006 536 1090 Plancius,
559 1006 744 1070 existimare
767 1005 865 1070 (16166
888 1027 954 1071 666
976 1006 1052 1071 1616
1074 1007 1274 1072 voluntatem
1298 1007 1350 1072 de·

134 1158 144 1165 .
182 1096 297 1179 161666,
330 1095 385 1160 sed
415 1116 482 1179 me,
514 1117 587 1160 cum
618 1099 745 1159 tantum
777 1095 843 1158 iarn
874 1093 1010 1160 Plancio
1039 1096 1201 1177 deberem,
1232 1095 1350 1161 Racilii
1396 1150 1399 1155 .

127 1203 162 1252 10
183 1184 346 1250 beneficiis
382 1184 483 1249 161666
515 1187 710 1249 contentum.
765 1184 818 1248 An
850 1205 927 1249 vero
958 1187 1054 1267 putas
1090 1184 1209 1250 idcirco
1241 1186 1401 1252 61166678

181 1274 302 1339 iudices
325 1295 398 1338 mea
421 1294 519 1338 causa
541 1294 612 1337 esse
634 1272 790 1355 facturos,
812 1272 898 1356 quod
922 1295 973 1337 me
997 1295 1067 1338 esse
1090 1277 1220 1357 gratum
1244 1274 1349 1339 crimi-

179 1363 290 1427 neris?
327 1362 396 1446 An,
419 1383 491 1426 cum
505 1366 624 1451 patres
647 1361 824 1444 conscripti
845 1360 902 1425 illo
925 1366 1058 1426 senatus
1082 1363 1240 1446 consulto,
1263 1361 1348 1448 quod

180 1451 215 1514 in
241 1451 442 1516 monimento
465 1449 564 1514 Marii
590 1451 799 1528 factumest,
827 1470 890 1532 quo
914 1471 986 1514 mea
1013 1451 1102 1514 salus
1126 1452 1275 1516 omnibus
1298 1455 1348 1516 661

181 1540 333 1623 gentibus
357 1538 590 1620 commendata,
611 1539 668 1602 uni
686 1535 745 1601 (16.
763 1536 896 1601 Plancio
916 1538 1038 1620 gratias
1057 1541 1245 1622 egerint-
1264 1561 1346 1604 unus

127 1647 162 1693 15
182 1627 268 1691 enim
291 1627 354 1690 1611
372 1625 411 1690 (16
430 1626 676 1709 magistratibus
695 1625 845 1689 defensor
864 1626 978 1689 salutis
1001 1647 1091 1690 meae
1111 1663 1163 1712 -,
1185 1628 1237 1692 cui
1258 1648 1347 1692 sena·

180 1720 234 1780 tus
257 1738 316 1799 pro
335 1736 387 1779 me
410 1715 533 1799 gratias
558 1714 699 1797 agendas
722 1714 865 1796 putavit,
890 1714 920 1778 ei
944 1735 1004 1798 ego
1029 1736 1048 1778 a
1069 1737 1121 1779 me
1145 1715 1346 1781 referendam

179 1805 321 1889 gratiam
344 1825 410 1868 non
432 1803 566 1887 putem?
603 1803 710 1887 Atque
732 1801 813 1866 haec
836 1824 908 1866 cum
930 1803 1030 1883 vides,
1053 1825 1116 1887 quo
1140 1826 1192 1869 me
1214 1804 1347 1870 tandem

178 1894 212 1959 in
235 1897 268 1957 16
296 1892 403 1958 auimo
426 1895 521 1975 putas
546 1913 629 1971 esse,
656 1890 864 1955 Laterensis?
891 1892 996 1956 ullum
1020 1914 1089 1957 6666
1112 1896 1241 1959 tentum
1264 1895 1347 1978 peri-

180 1982 300 2065 culum,
327 1983 457 2045 tantum
480 1980 638 2062 laborem,
660 1984 787 2045 tantam
811 1981 1049 2046 contentionem
1073 2003 1170 2066 quam
1195 2004 1257 2068 ego
1280 2005 1347 2048 non

122 2088 162 2137 20
180 2070 277 2134 modo
295 2090 354 2153 pro
374 2070 478 2133 salute
500 2072 566 2151 tua,
590 2068 763 2135 sedetiam
785 2091 844 2152 pro
864 2069 1024 2155 dignitate
1043 2070 1245 2155 defugerim?
1277 2070 1347 2147 Quo

180 2158 310 2243 quidem
325 2158 422 2222 etiam
442 2159 547 2240 magis
567 2179 648 2241 sum,
666 2179 733 2221 non
751 2157 855 2222 dicam
875 2159 982 2243 miser,
995 2195 1031 2205 -
1045 2181 1122 2223 nam
1140 2160 1202 2225 hoo
1217 2160 1346 2244 quidem

180 2247 334 2313 abhorret
356 2269 375 2310 a
398 2247 517 2311 virtute
541 2248 676 2311 verbum
700 2283 756 2329 -,
784 2246 841 2310 sed
866 2253 952 2312 certe
980 2249 1153 2329 exercitus,
1181 2270 1248 2314 non
1271 2250 1348 2333 quia

178 2336 289 2401 multis
313 2335 411 2400 debeo
435 2372 477 2382 -
500 2336 570 2400 leve
594 2342 678 2401 enim
702 2339 752 2399 661
776 2357 859 2400 6666
882 2336 1029 2400 beneficii
1057 2337 1190 2421 [gratia]
1213 2373 1263 2421 —-,
1291 2339 1347 2401 sed

179 2426 255 2509 quia
278 2445 372 2508 saepe
396 2429 591 2489 concurrunt
620 2425 779 2509 [propter]
807 2423 988 2508 aliquorum
1012 2426 1094 2490 bene
1117 2426 1156 2490 (16
1179 2448 1231 2490 me
1253 2427 1346 2491 meri·

213 2570 238 2618 6.
261 2565 316 2619 cim
338 2569 363 2618 et
384 2564 534 2629 iniuriam,
556 2563 734 2618 widerreeht·
827 2569 868 2617 16,
891 2580 910 2616 a
931 2579 973 2617 666
998 2565 1069 2618 61611
1094 2566 1163 2619 mibi
1190 2564 1295 2621 sowohl
1318 2566 1348 2619 16

177 2634 251 2689 11616
262 2632 379 2689 (166611.
393 2634 526 2704 691113.
539 2631 632 2688 1666
645 2636 734 2687 δυοῖν.
789 2631 945 2686 Rficlrsicht
963 2634 1013 2687 aul
1029 2634 1073 2689 die
1087 2634 1280 2692 Deutlichlreit
1294 2637 1347 2691 wie

211 2721 277 2773 pop.
291 2704 369 2759 Rom.
388 2721 429 2772 pr.
447 2706 509 2770 ref„
526 2704 671 2758 vielleicht
688 2703 736 2758 161
789 2703 834 2757 (116
859 2702 1040 2759 Konzinnitar
1066 2705 1124 2775 (cui
1157 2709 1269 2762 6666166
1296 2724 1347 2777 pro

178 2775 256 2828 61666
273 2774 448 2844 Bawerbung
469 2792 518 2828 um
540 2774 586 2829 die
604 2765 735 2843 11111111,
788 2791 834 2828 me
915 2773 943 2828 ei
961 2791 1014 2844 ego
1033 2793 1051 2830 6
1068 2777 1124 2846 me)
1142 2781 1249 2846 gesagt.

178 2843 209 2898 16
228 2844 278 2898 (166
293 2862 323 2898 66
340 2860 392 2913 per
405 2845 591 2904 bomvimet
603 2844 734 2901 iniuriam
826 2850 867 2898 17.
898 2845 963 2900 boec
990 2862 1051 2900 66666
1077 2848 1165 2915 videa,
1197 2865 1234 2904 66.
1263 2864 1347 2918 quam

178 2916 258 2970 nicht
282 2914 425 2984 gloelrlich
447 2933 512 2970 war.
549 2916 607 2970 Das
629 2917 734 2973 konnte
788 2916 885 2984 gratus
909 2915 962 2969 sim
983 2916 1113 2986 Plancio,
1138 2936 1221 2987 quem
1244 2919 1279 2974 de
1301 2936 1346 2974 mc

133 3052 135 3055 v
178 3003 215 3040 66
246 2987 301 3041 (166
331 2985 473 3041 Komitien
528 3004 638 3042 ewesen
667 2989 734 3056 sein,
789 2986 921 3040 meritum
939 3002 1000 3041 6666
1018 3005 1114 3055 negas.

177 3057 283 3129 pelche
306 3057 404 3126 Pomp.
427 3058 484 3112 und
508 3005 597 3112 grass.
621 3059 667 3112 fir
690 3059 735 3114 die
826 3061 868 3113 18.
900 3058 933 3111 166
958 3063 996 3125 te,
1024 3058 1074 3126 qui
1100 3058 1212 3130 egregie
1239 3061 1274 3115 de
1301 3077 1347 3116 me

177 3128 280 3183 Adilan
289 3128 364 3183 ihres
373 3129 472 3182 Jahres
483 3128 566 3183 otim
576 3128 663 3184 Lause
674 3130 735 3184 des·
789 3128 932 3182 merueris.

177 3199 273 3255 selben
287 3200 383 3254 161166
397 3199 527 3267 mulctam,
544 3200 581 3253 da
594 3199 735 3256 dieselbeu
824 3205 867 3253 21.
885 3201 974 3255 661666.
1000 3201 1058 3254 Des
1072 3207 1096 3257 1.
1109 3200 1188 3256 Β661
1202 3202 1252 3255 der
1266 3202 1345 3257 Tusa.

177 3274 259 3326 uuter
290 3271 344 3325 den
376 3270 501 3325 Konsuln
538 3270 587 3325 des
618 3271 735 3340 vorigen
787 3270 1347 3329 1616661611(1661616661661116161666

176 3341 275 3397 Jahres
297 3342 376 3397 nicht
397 3358 491 3397 waren
513 3359 548 3394 zu
566 3343 663 3397 stands
686 3359 734 3413 ge·
790 3340 827 3393 ad
851 3341 932 3397 beate
958 3342 1111 3397 vivendum
1139 3361 1169 3398 se
1195 3345 1258 3412 ipsa
1285 3359 1346 3398 6666

176 3412 315 3467 lrommen.
789 3414 961 3478 contentam3
993 3413 1074 3468 (16616
1100 3415 1172 3485 liegt
1197 3415 1269 3469 6661
1297 3415 1347 3469 (166

214 3491 255 3539 10.
274 3485 323 3538 Aa
339 3499 410 3549 vero,
428 3501 449 3537 6.
465 3483 537 3538 6166
555 3487 571 3547 5
586 3488 628 3536 53.
788 3482 896 3538 Beweis
931 3484 977 3537 116
1008 3484 1074 3553 jane
1107 3485 1193 3540 Stella
1229 3485 1260 3540 in
1291 3486 1346 3541 den

214 3561 254 3609 13.
286 3556 319 3609 ia
350 3555 458 3609 6666166.
493 3554 523 3609 G.
548 3554 648 3607 Marii.
692 3553 735 3607 lm
789 3553 889 3608 Parad.
906 3554 945 3607 H:
969 3554 1146 3624 utimprobo
1165 3557 1299 3611 61616116
1319 3558 1348 3612 61

177 3625 295 3694 Tempel
313 3625 361 3679 des
378 3623 474 3680 Honos
492 3625 550 3679 und
569 3623 618 3678 der
629 3623 734 3692 Virtus,
788 3623 874 3679 inerti
891 3625 997 3679 nemini
1014 3625 1085 3682 bene
1104 3643 1163 3682 6666
1181 3629 1288 3696 potest,
1307 3627 1347 3681 sic

177 3697 231 3749 den
257 3696 361 3750 Marius
393 3712 443 3749 aus
473 3696 523 3750 (166
550 3694 734 3750 eimbrischen
789 3696 878 3750 16666
892 3696 935 3750 vir
948 3698 979 3751 et
995 3696 1076 3752 166116
1090 3702 1120 3752 et
1138 3700 1249 3766 sapiens
1262 3697 1348 3752 miser

177 3765 265 3821 Beate
279 3766 359 3821 hatte
373 3767 512 3822 erricbten
525 3767 616 3821 166666
633 3767 692 3820 und
705 3767 734 3820 in
789 3782 850 3821 6666
868 3784 924 3822 666
941 3769 1044 3837 potest
1081 3767 1133 3823 Die
1153 3766 1346 3823 8161166666-

176 3836 310 3893 welchem
328 3837 478 3893 dersenat
496 3837 733 3893 6666611166116
788 3838 931 3892 nehmlich
955 3839 1079 3907 lehrten,
1109 3839 1182 3907 (1616,
1206 3839 1252 3894 161
1274 3856 1347 3893 wem

176 3908 424 3978 Zurilclrberufung
431 3908 541 3964 Ciceros
551 3908 733 3963 verbandelte
788 3907 833 3963 die
851 3909 939 3963 virtus
958 3911 1098 3979 16666616,
1118 3909 1209 3965 dieser
1226 3908 1346 3966 61666616

176 3984 238 4050 (pro
253 3978 323 4036 Sest.
341 3985 356 4045 5
373 3985 432 4033 116.
463 3978 733 4047 1166101128).
787 3979 871 4033 miser
889 3980 1067 4036 6616161666.

214 4057 254 4107 14.
282 4053 335 4104 ani
359 4050 456 4106 Plane,
481 4049 629 4105 6161661161
655 4050 735 4106 61611
823 4056 865 4104 11.
898 4053 1032 4107 exeredes
1058 4052 1187 4121 geplagt,
1214 4052 1267 4106 wie
1295 4069 1346 4122 pro

176 4123 229 4176 mit
238 4122 356 4177 Namen.
376 4122 432 4176 Das
442 4121 548 4177 Delrret
561 4122 666 4176 dankte
679 4122 734 4175 (166
788 4120 903 4187 111111
918 4122 985 4190 quid
999 4123 1080 4178 nobis
1094 4122 1246 4177 (166166-
1257 4122 1347 4191 magis

174 4193 367 4262 Magistraten,
382 4192 438 4246 und
449 4194 485 4248 (16
494 4192 535 4246 Pl.
546 4194 628 4247 unter
638 4192 734 4247 diesen
788 4192 958 4247 exercitum?

174 4280 242 4329 war,
261 4280 292 4319 so
307 4262 365 4319 1661
380 4263 430 4318 ihn
449 4265 499 4318 der
513 4264 603 4331 Dank,
622 4264 664 4317 616
680 4263 733 4318 (166
823 4268 866 4317 23.
887 4264 1001 4318 166666.
1030 4263 1196 4332 Oxymoron.

175 4334 314 4403 amalger,
342 4335 392 4390 der
419 4335 479 4389 sich
506 4333 618 4390 Ciceros
650 4349 733 4405 ange-
823 4330 1345 4389 6666661666666666161616011.

175 4420 313 4461 nommen.
790 4410 813 4471 1,
833 4410 848 4470 5
863 4411 896 4459 41
918 4421 990 4474 quae
1008 4408 1041 4459 ut
1058 4405 1224 4458 concurrant
1241 4404 1346 4474 omnia,
