3084 4842
620 162 697 217 cur.
718 169 761 218 aa
799 167 943 228 eas-eu.
1328 163 1369 228 ‘11

197 326 276 390 mihi
301 325 352 390 fas
377 325 421 390 sit
444 324 619 409 quidquam
648 325 814 409 defugere,
842 325 927 408 quod
951 324 1039 389 salus
1062 324 1186 389 Plancii
1214 326 1371 408 postulet:

197 415 253 479 sed
277 414 352 498 quia
383 434 487 497 neque
514 434 645 478 necesse
678 417 729 478 est
756 435 808 477 me
840 413 874 477 id
896 413 1045 497 persequi
1072 435 1164 496 voce,
1199 414 1284 497 quod
1312 437 1369 480 vos

196 507 302 567 mente
326 502 476 583 videatis,
506 507 539 566 et
561 501 647 585 quod
670 502 717 566 ita
740 501 780 565 de
803 523 854 566 me
877 503 985 566 meriti
1008 504 1084 566 sunt
1110 501 1161 567 illi
1183 502 1261 587 ipsi,
1290 525 1370 586 quos

196 612 257 676 ego
275 595 376 655 testes
394 589 487 655 video
506 594 649 673 paratos,
671 593 709 654 ut
731 612 842 655 eorum
864 590 1148 675 reprehensionem
1166 612 1224 655 vos
1243 596 1370 656 vestrae

160 678 386 763 oprudentiae
407 678 586 761 adsumere,
605 700 695 742 meae
714 677 894 743 modestiae
912 678 1077 743 remittere
1097 677 1249 744 debeatis.
1285 678 1371 744 Illud

195 790 294 832 unum
318 788 377 833 vos
403 787 598 852 magnopere
621 788 679 832 oro
703 770 801 852 atque
829 767 1139 850 obsecro,.iudices,
1170 789 1243 832 cum
1265 768 1370 853 huius,

195 877 291 939 quem
311 855 456 933 defendo,
480 859 550 920 tum
573 856 752 919 communis
771 855 908 939 periculi
931 877 1101 938 causaue
1124 856 1210 920 fictis
1233 856 1370 921 auditio·

195 944 301 1026 nibus,
320 965 360 1008 ne
375 944 582 1009 disseminato
597 943 807 1028 dispersoque
827 944 968 1009 sermoni
981 943 1130 1009 fortunm
1149 944 1369 1009 innocentium

196 1032 400 1097 subiciendas
429 1033 558 1116 putetis.
603 1031 697 1097 Multi
728 1033 823 1097 amici
853 1033 1064 1116 accusatoris,
1095 1032 1243 1097 nonnulli
1271 1031 1425 1097 etiamb'l

144 1139 177 1187 10
195 1121 300 1186 nostri
331 1121 447 1206 iniqui,
480 1121 576 1185 multi
609 1142 795 1185 communes
828 1121 1064 1186 obtrectatores
1097 1124 1192 1204 atque
1226 1121 1370 1185 omnium

194 1208 294 1273 invidi
323 1209 427 1273 multa
455 1209 627 1274 finxerunt.
676 1208 768 1275 Nihil
802 1213 852 1274 est
882 1214 991 1275 autem
1019 1213 1089 1274 tam
1115 1210 1244 1275 volucre
1274 1231 1370 1293 quam

194 1298 416 1363 maledictum:
435 1298 516 1361 nihil
535 1297 663 1362 facilius
682 1298 851 1381 emittitur,
869 1297 951 1362 nihil
970 1299 1066 1362 citius
1085 1298 1253 1383 excipitur,
1271 1298 1369 1363 latius

194 1384 382 1469 dissipatur.
427 1384 541 1469 Neque
565 1406 640 1471 ego,
664 1386 692 1449 si
714 1386 839 1452 fontem
863 1387 1028 1450 maledicti
1050 1386 1234 1468 reperietis,
1257 1391 1293 1451 ut
1315 1408 1370 1451 ne·

196 1474 336 1558 glegatis
356 1476 413 1537 aut
432 1474 651 1557 dissimuletis,
674 1496 817 1558 unquam
836 1473 1019 1557 postulabo
1065 1472 1126 1538 Sed
1150 1476 1178 1537 si
1201 1474 1277 1558 quid
1301 1476 1369 1540 sine

143 1578 175 1627 15
195 1562 302 1644 capite
322 1560 472 1625 manabit
489 1565 586 1645 atque
608 1562 672 1627 erit
694 1563 762 1626 eius
786 1561 882 1642 modi,
905 1565 942 1625 ut
964 1583 1030 1625 non
1055 1566 1160 1626 exstet
1183 1566 1308 1645 auctor,
1332 1564 1368 1648 si,

195 1651 250 1732 qui
275 1648 427 1729 audierit,
455 1652 512 1713 aut
533 1651 580 1713 ita
604 1650 780 1734 neglegens
804 1649 897 1714 vobis
926 1671 995 1713 esse
1018 1649 1192 1732 videbitur,
1221 1652 1258 1713 ut
1284 1651 1368 1715 unde

194 1737 345 1820 audierit,
369 1737 489 1802 oblitus
514 1738 571 1821 sit,
598 1738 724 1801 autito
747 1738 853 1801 levem
876 1737 1009 1802 habebit
1032 1742 1210 1820 auctorem,
1238 1741 1276 1801 ut
1303 1760 1368 1802 me·

194 1826 298 1890 moria
317 1825 453 1910 dignum
475 1847 541 1890 non
559 1825 692 1908 putarit,
715 1825 811 1889 huius
835 1825 893 1889 illa
911 1848 973 1891 vox
995 1827 1150 1911 vulgaris,
1172 1843 1305 1911 AUDIVI,
1327 1848 1367 1891 ne

195 1913 271 1996 quid
293 1913 460 1978 innocenti
483 1935 539 1978 rec
561 1917 686 1997 noceat,
709 1936 847 1978 oramus.
1249 1944 1257 1959 ·

192 2137 276 2188 quam
294 2119 325 2173 id
339 2122 376 2176 sit
389 2122 538 2190 infirmum,
558 2137 642 2191 saepe
657 2122 751 2178 dicen·
805 2124 860 2178 hoc
879 2125 969 2178 solum
988 2125 1130 2180 auditione
1153 2126 1282 2193 expetere
1304 2139 1366 2180 coe·

191 2189 332 2246 domest:
352 2195 381 2247 et
398 2195 565 2261 argumenta
582 2209 675 2248 rerum
689 2210 750 2248 esse
805 2194 857 2263 pit,
877 2211 940 2250 cum
959 2194 989 2247 id
1007 2194 1068 2264 ipse
1086 2209 1142 2248 non
1161 2195 1296 2255 vidisset?

190 2261 319 2386 ppoppia‚
359 2264 522 2390 testirponia
558 2263 747 2390 vlqluntatulpn
806 2271 883 2400 §418
911 2266 1019 2335 inqui,
1052 2265 1272 2320 substantiviech
1313 2265 1366 2320 wie

190 2350 209 2385 u
224 2349 257 2387 en
278 2350 380 2402 umque
404 2350 433 2389 es
473 2351 570 2404 exemp
582 2352 619 2402 ιε,
649 2352 750 2404 quius
872 2376 878 2389 .

190 2403 309 2458 testibus
336 2405 473 2460 creditum
495 2423 553 2461 non
580 2405 631 2471 sit;
660 2410 690 2460 et
716 2407 751 2461 de
841 2407 980 2461 molti-
1001 2407 1102 2472 malta,
1130 2404 1253 2459 beliebte
1281 2405 1366 2460 Para-

189 2472 309 2543 singulis
334 2476 467 2544 testibus,
496 2479 520 2531 si
546 2480 650 2532 natura
675 2476 750 2543 vani,
805 2478 870 2531 taxe
902 2477 942 2532 im
968 2476 1177 2542 Lateinischen,
1208 2475 1261 2530 wie
1294 2476 1367 2531 auch

189 2544 317 2614 sileres,
336 2544 361 2601 si
380 2546 627 2616 cumignominia‚
647 2547 671 2600 si
691 2563 748 2615 spe,
803 2562 894 2601 omncs
912 2549 1014 2615 omnic,
1033 2546 1089 2617 vgl.
1105 2552 1177 2612 §64-
1213 2544 1366 2617 (Anhang.)

190 2615 215 2669 si
236 2617 326 2684 metu,
355 2618 379 2670 si
405 2617 565 2685 iracundia,
594 2617 618 2670 si
641 2617 749 2671 miseri·
841 2622 882 2670 11.
910 2623 968 2672 tom
994 2619 1109 2673 volume.
1138 2615 1193 2671 vol.
1221 2617 1366 2685 gefldgelt,

189 2685 285 2739 cordia
297 2688 419 2755 impulsi,
434 2688 458 2742 ei
471 2687 605 2757 praemio,
620 2686 645 2740 si
657 2686 750 2755 gratia
805 2687 913 2741 schnell
937 2688 1048 2757 (equus,
1071 2703 1181 2753 currus,
1204 2687 1289 2755 dies),
1309 2692 1365 2742 tro·

189 2754 318 2821 adducti,
344 2757 582 2826 comparandique
606 2756 749 2825 superiore
804 2756 886 2826 pisch
905 2758 1026 2813 fortune.
1045 2774 1095 2828 pro
1115 2757 1183 2813 Sull.
1203 2763 1277 2823 §91-

189 2841 253 2879 cum
285 2826 453 2883 auctoritate
485 2830 600 2882 testium
636 2827 747 2895 (quibus
842 2833 884 2882 15.
907 2830 1040 2885 manabit.
1059 2845 1173 2883 manare
1191 2828 1291 2883 immor
1312 2846 1365 2884 nur

189 2897 286 2950 tamen
308 2896 447 2952 creditum
471 2913 527 2952 nou
552 2898 597 2955 sit.
636 2897 690 2952 del.
716 2914 750 2952 ex
804 2897 962 2954 ausfliel'sen
994 2917 1044 2954 aue
1076 2899 1153 2954 einer
1180 2899 1279 2964 Quelle
1306 2898 1365 2953 und

189 2966 284 3035 coni).
312 2998 345 3008 -
374 2973 458 3033 §612
486 2969 575 3038 Saepe
605 2967 679 3022 enim
707 2984 748 3035 ca,
804 2967 866 3023 sich
893 2971 1060 3026 verbreiten.
1096 2970 1193 3039 (fluere
1222 2969 1362 3040 dagegenz

188 3053 259 3104 quae
279 3036 357 3092 diota
380 3043 459 3106 sunt,
489 3040 512 3093 si
536 3042 586 3095 aut
608 3037 750 3108 ambigue,
805 3039 865 3094 sich
888 3040 917 3094 in
936 3040 1099 3110 Strbmung,
1123 3040 1163 3095 im
1180 3040 1259 3096 Fluis
1277 3041 1363 3097 besm-

188 3110 238 3161 aut
256 3108 456 3179 inconstanter,
479 3112 529 3165 aut
546 3109 750 3165 incredibiliter
804 3110 878 3180 den.)
915 3110 1051 3181 Tropisoh
1074 3113 1151 3167 steht
1177 3128 1291 3171 manare
1318 3112 1364 3167 bei

188 3179 352 3245 dictasunt,
371 3182 421 3234 aut
439 3181 524 3235 etiam
541 3180 624 3235 aliter
642 3180 677 3235 ab
693 3180 749 3236 alio
803 3196 905 3237 nornen
934 3182 1015 3237 Tusa.
1044 3187 1073 3250 5,
1096 3186 1152 3248 58.
1193 3181 1269 3237 fama
1290 3182 1363 3239 Phil.

188 3249 273 3314 dicta,
287 3250 428 3304 subtiliter
441 3252 693 3322 reprehenduntur.
713 3252 748 3306 cl.
806 3257 852 3321 14,
878 3258 954 3318 51⁵·
992 3254 1083 3308 oratio
1110 3255 1147 3308 ad
1174 3253 1233 3310 Att.
1262 3260 1291 3320 3,
1322 3259 1363 3308 12.

186 3318 289 3374 Cornif.
308 3327 334 3387 2,
352 3327 406 3386 §a
802 3340 897 3377 rumor
918 3324 980 3379 Liv.
1000 3331 1025 3392 2,
1045 3331 1079 3379 49
1102 3344 1129 3378 u.
1153 3324 1275 3379 anderen
1294 3322 1364 3378 Sub·

222 3395 248 3445 4.
278 3396 309 3444 at
336 3408 428 3446 eoram
458 3394 690 3461 reprehensionem
716 3409 747 3460 c,
804 3394 888 3448 stant.
911 3425 946 3435 -
964 3383 1040 3450 liber
1060 3399 1144 3463 caput
1160 3394 1218 3464 vgl.
1237 3412 1271 3448 zu
1289 3399 1363 3459 §1⁷-

188 3460 249 3516 daie
267 3461 324 3529 ihr,
344 3461 384 3516 sie
402 3480 437 3516 zu
454 3463 564 3530 tadeln,
584 3464 655 3518 euch
674 3463 747 3517 nach
803 3495 837 3504 -
869 3465 950 3519 Hier:
988 3467 1074 3520 etwas
1105 3465 1176 3518 wird
1207 3467 1291 3521 unter
1317 3465 1363 3522 die

188 3545 285 3586 euerer
302 3531 431 3587 Einsieht
454 3533 538 3602 (nach
556 3533 677 3589 welcher
701 3532 748 3588 ich
801 3534 889 3590 Lente
899 3536 1039 3604 hominen,
1052 3537 1124 3590 ohne
1135 3535 1196 3590 dale
1207 3536 1252 3591 die
1263 3535 1363 3602 Quelle

188 3600 262 3656 doch
274 3603 748 3660 meineWohlthaternichttadeln
802 3607 967 3674 angegeben
985 3606 1099 3661 werden
1118 3607 1201 3661 kann.

188 3669 273 3738 kann)
305 3673 396 3729 selber
427 3674 662 3742 herausnehmen‚
695 3676 749 3730 mir
840 3681 881 3730 18.
901 3678 1010 3743 codici,
1034 3678 1114 3733 nicht
1136 3677 1260 3746 weniger
1282 3676 1362 3730 ubel-

188 3743 746 3815 nachmeinerBeecheidenheitdagegen
801 3746 1004 3803 beleumnndet
1013 3764 1072 3802 war
1081 3746 1192 3803 Ciceros
1202 3745 1362 3814 Lieblings-

188 3813 631 3884 erlassenmoget.—Adsamere
644 3818 747 3872 ebeneo
801 3819 940 3872 ausdruck
964 3835 1013 3874 aus
1036 3819 1085 3873 der
1104 3816 1167 3873 Zcit
1193 3817 1244 3871 der
1265 3816 1360 3872 katili·

188 3882 235 3938 bei
254 3882 310 3940 cic.
329 3885 366 3938 ad
379 3887 456 3942 Fam.
472 3893 497 3954 1,
515 3893 544 3941 9:
564 3888 662 3956 Neque
679 3904 747 3942 vere
802 3888 1189 3957 narischenVerschwdrung,
1209 3889 1363 3959 ‘comperi';

188 3971 241 4024 ego
250 3956 320 4010 mihi
328 3960 426 4024 postea
434 3957 586 4025 quidquam
594 3959 746 4028 adsumpsi,
801 3959 859 4029 vgl.
879 3976 921 4029 ep.
940 3960 1007 4014 farn.
1034 3966 1059 4027 5,
1079 3965 1138 4028 6,2
1167 3975 1228 4015 esse
1252 3959 1361 4029 aliquid

187 4042 279 4094 neque
300 4027 383 4082 hodie
405 4028 534 4097 adsumo,
557 4029 630 4097 q'uod
652 4046 747 4096 quem-
802 4030 852 4085 abs
870 4031 900 4086 te
913 4031 1071 4100 profectum
1090 4048 1124 4086 ex
1142 4030 1237 4086 multis
1255 4032 1359 4088 medici.

188 4112 271 4163 quam
280 4098 577 4155 malevolentissimum
588 4100 648 4154 iure
657 4100 748 4170 possit
802 4099 874 4155 Nam
904 4101 1083 4171 ‘comperisse’
1114 4117 1159 4155 me
1186 4119 1242 4156 non
1270 4102 1360 4156 audeo

187 4166 334 4224 offendere.
781 4170 908 4239 'dicere,
935 4188 971 4226 ne
988 4172 1061 4228 forte
1084 4171 1115 4226 id
1132 4172 1225 4241 ipsum
1243 4172 1361 4227 verbum

223 4243 247 4292 l.
274 4241 479 4307 auditionibus,
508 4241 571 4295 and.
599 4241 637 4295 ist
664 4258 747 4296 unser
801 4257 913 4311 ponam,
932 4242 1007 4310 quod
1025 4243 1075 4297 abs
1094 4247 1122 4297 te
1141 4240 1223 4296 aiunt
1243 4242 1315 4296 falso
1329 4242 1361 4297 in

191 4307 404 4383 ‘Htrensagen’,
434 4309 491 4380 vgl.
510 4310 589 4367 Verr.
608 4311 645 4364 IV
666 4317 746 4377 5102
800 4329 846 4368 me
865 4313 955 4368 solere
975 4312 1100 4368 conferri.
