3084 4842
548 208 625 264 eAP.
644 214 757 264 aa-ao.
791 213 935 274 §oe-71.
1282 208 1326 272 83

153 377 240 439 taret
273 376 305 436 et
337 373 450 436 oonsul
477 375 510 435 et
539 371 636 436 homo
669 370 891 434 nobilissimus
923 374 1096 453 patronum
1130 391 1199 435 esse
1231 371 1324 435 illum

99 516 102 523 .
155 485 250 527 suum
274 464 306 525 et
327 461 471 524 familiae
494 459 717 525 nobilissimae
741 458 856 524 dicere.
898 458 970 535 Quo
989 459 1061 524 looo
1081 481 1200 544 quaero
1220 481 1259 523 ex
1281 462 1379 543 tero

154 574 232 625 num
261 550 294 614 id
327 551 361 613 in
388 548 505 613 iudioio
529 546 646 614 Calidii
673 551 781 631 putes,
810 547 895 631 quod
926 567 986 632 ego
1015 549 1050 611 in
1077 547 1202 612 Planoii
1229 548 1325 634 faeie,

155 644 212 704 aut
229 639 397 703 Metellum
416 636 520 721 Pium,
544 637 571 700 si
591 636 714 701 Romae
735 656 805 700 esse
828 636 997 720 potuisset,
1021 640 1079 702 aut
1101 640 1226 721 patrem
1246 638 1325 722 eius,

120 747 136 795 o
157 729 184 791 si
202 729 348 811 vixisset,
366 748 431 791 non
450 726 550 790 fuisse
569 724 738 789 fauturum.
769 724 856 789 Nam
871 723 991 807 Opimii
1010 725 1136 809 quidem
1158 726 1325 792 calamitas

155 816 283 881 utinam
307 839 345 880 ex
370 814 539 880 hominnm
566 814 721 878 memoria
747 817 859 896 posset
882 814 990 878 evellii
1028 813 1153 878 Vulnus
1177 815 1255 879 illud
1278 816 1325 881 rei

156 905 314 989 publioae,
337 904 473 968 dedecus
495 903 591 966 huius
610 903 746 985 imperii,
769 902 937 985 turpitudo
956 902 1069 987 populi
1090 903 1236 987 Romani,
1259 926 1326 970 non

156 994 311 1058 iudicium
334 992 511 1075 putandum
535 995 592 1055 est
634 990 738 1067 Quam
763 991 849 1055 enim
872 991 921 1054 illi
944 989 1074 1073 iudicer,
1097 992 1126 1056 si
1149 992 1269 1057 iudices
1293 997 1326 1058 et

156 1105 223 1148 non
249 1082 428 1166 parricidae
457 1080 583 1163 patriae
609 1079 799 1144 nominandi
826 1083 914 1163 sunt,
942 1080 1124 1163 graviorem
1150 1085 1326 1164 potuerunt

103 1189 137 1237 10
156 1170 369 1254 reipublicae
387 1169 532 1253 infligere
552 1169 697 1247 securim,
716 1190 813 1252 quam
832 1190 905 1233 oum
924 1168 1017 1233 illum
1037 1191 1054 1234 e
1073 1170 1206 1234 civitate
1226 1171 1325 1236 eiece-

155 1265 240 1341 runt,
258 1259 314 1344 qui
332 1261 464 1342 praetor
481 1257 628 1339 finitimo,
647 1257 759 1321 consul
779 1257 954 1322 domestico
969 1257 1054 1323 bello
1071 1280 1140 1324 rem
1158 1260 1323 1344 publicam

154 1347 332 1412 liberarat?
361 1346 408 1411 At
426 1346 513 1411 enirn
530 1347 626 1411 nimis
646 1366 706 1430 ego
720 1367 877 1431 magnum
891 1346 1081 1411 beneficium
1096 1346 1221 1413 Planeii
1239 1349 1322 1415 facio
1335 1350 1377 1414 71

155 1441 197 1521 et,
219 1441 256 1500 ut
279 1437 336 1519 ais,
359 1436 393 1498 id
415 1435 527 1500 verbis
547 1454 721 1518 exaggero3
746 1435 933 1518 quasivero
952 1456 1003 1499 me
1026 1440 1083 1500 tuo
1108 1437 1269 1502 arbitratu
1292 1443 1325 1504 et

156 1547 222 1589 non
240 1545 312 1587 meo
333 1527 462 1607 gratnm
481 1545 551 1587 esse
570 1527 729 1606 oporteat.
757 1521 862 1598 ‘Quod
880 1523 975 1587 istius
993 1526 1121 1588 tantum
1140 1526 1324 1591 meritum‘l'

104 1631 138 1680 15
157 1612 275 1696 inquit.
311 1610 376 1674 ‘An
396 1611 471 1694 qnia
491 1616 523 1674 te
547 1633 614 1675 non
636 1608 836 1695 iugulavitl'
866 1609 971 1675 Immo
991 1633 1075 1693 vero,
1094 1613 1168 1697 qnia
1186 1614 1327 1699 iugulari

157 1722 274 1784 passus
303 1721 370 1763 non
398 1703 455 1763 est.
501 1697 570 1774 Quo
594 1697 722 1782 quidem
749 1701 787 1762 tu
812 1698 896 1782 loeo,
919 1695 1024 1782 Cassi,
1052 1700 1150 1764 etiam
1177 1705 1327 1787 purgasti

156 1790 306 1854 inimioos
339 1809 431 1853 meos
464 1808 617 1871 meaeque
645 1788 729 1851 vitae
756 1786 864 1851 nullas
893 1787 934 1852 ab
964 1788 1029 1853 illis
1057 1788 1193 1856 insidias
1225 1791 1325 1857 fuisse

156 1877 275 1942 dixisti.
319 1877 434 1943 Posuit
464 1876 527 1941 hoe
559 1875 645 1939 idem
674 1875 873 1940 Laterensis.
919 1876 1022 1953 Quam
1051 1879 1093 1943 ob
1126 1901 1195 1944 rem
1226 1884 1325 1965 paulo

158 1970 233 2050 post
256 1966 294 2030 de
317 1965 381 2029 isto
405 1965 501 2049 plura
523 1964 640 2048 dieam3
671 1964 709 2028 de
732 1968 765 2028 te
787 1969 915 2029 tantum
938 1966 1076 2051 requiro,
1099 1972 1208 2033 utrum
1231 1976 1326 2053 putes

104 2073 140 2122 20
160 2054 267 2120 odium
290 2053 326 2117 in
349 2075 400 2117 me
418 2053 578 2117 mediocre
596 2053 916 2119 inimieorumfuisse
935 2056 1074 2140 -quod
1096 2056 1161 2121 fuit
1184 2059 1325 2124 ullorum

159 2165 302 2228 unquam
324 2143 537 2207 barbarorum
560 2146 628 2206 tam
654 2142 796 2225 immane
821 2165 858 2208 ae
879 2147 947 2208 tam
971 2144 1098 2209 crudele
1121 2145 1154 2210 in
1177 2147 1326 2213 hostem?

158 2269 216 2315 -,
245 2255 286 2297 an
313 2231 412 2295 fuisse
441 2231 475 2295 in
501 2231 542 2295 iis
571 2231 712 2315 aliquem
739 2235 796 2296 aut
823 2232 929 2297 famae
957 2236 1079 2297 metum
1107 2239 1164 2298 aut
1194 2258 1327 2324 poenae,

159 2343 296 2407 quorum
319 2320 430 2385 vidisti
452 2324 521 2386 toto
544 2320 601 2385 illo
620 2342 705 2386 anno
722 2320 844 2386 ferrum
867 2321 901 2384 in
924 2321 1006 2405 foro,
1029 2322 1193 2388 flammam
1216 2326 1250 2389 in
1274 2326 1328 2393 de·

194 2552 219 2601 8.
246 2548 290 2602 illi
317 2548 421 2602 iudices
452 2564 546 2602 waren
573 2563 623 2601 ans
650 2547 715 2602 dem
769 2547 872 2601 nostris
891 2545 984 2601 verbis
998 2565 1098 2619 010900
1112 2551 1200 2617 faeere
1214 2554 1327 2610 demon-

158 2617 364 2672 senatorisohen
392 2617 505 2672 Stande.
546 2618 599 2673 Die
624 2620 716 2673 Ritter
770 2620 843 2671 strat
864 2618 920 2671 und
944 2618 994 2673 das
1014 2639 1049 2674 zu
1069 2626 1133 2686 §95
1156 2624 1328 2695 mitgeteilte

158 2689 259 2742 hatten
286 2705 317 2742 so
344 2686 535 2742 sohmaohvoll
562 2687 641 2743 nieht
667 2706 715 2758 ge·
770 2687 965 2745 Dichtereitat.

159 2756 358 2825 wirtsohaftet,
382 2759 470 2813 meiat
489 2758 544 2813 Cio.
563 2758 641 2815 Verr.
661 2762 715 2814 aet.
808 2765 849 2813 13.
863 2762 944 2829 quasi
956 2760 1328 2840 veroinderWiderlegung

159 2846 200 2898 pr.
219 2834 234 2894 5
250 2833 291 2882 38.
770 2829 825 2884 mit
841 2829 995 2885 ironiseher
1004 2832 1154 2904 Wendung
1166 2836 1220 2892 wie
1234 2837 1270 2892 de
1281 2838 1327 2893 Or.

194 2904 220 2953 et
241 2914 298 2953 000
324 2897 354 2951 in
376 2897 426 2952 der
452 2899 586 2953 eorrectio
606 2924 640 2944 =
658 2898 716 2953 und
771 2907 797 2968 2,
815 2906 831 2965 ς
846 2906 906 2957 232.
933 2902 1064 2959 Dieselbe
1079 2905 1166 2975 Fulge
1180 2925 1236 2964 von
1251 2909 1328 2964 Satr-

158 2970 238 3024 nieht
255 2969 400 3024 vielmehr.
427 2969 484 3038 vgl.
503 2975 566 3035 §61
585 2988 611 3023 a.
632 2977 673 3024 71.
770 2971 904 3041 gebilden
918 2972 1046 3028 wiehier
1064 2977 1184 3032 atenim
1199 2982 1329 3049 —quasi

196 3046 220 3096 9.
236 3041 407 3110 parricidae,
427 3055 457 3092 so
476 3040 547 3094 wird
564 3040 659 3112 htuflg
677 3040 717 3095 im
769 3059 836 3097 vero
855 3042 932 3097 steht
949 3044 984 3097 ad
1004 3044 1035 3111 Q.
1054 3045 1087 3101 fr.
1109 3054 1132 3114 1,
1153 3055 1177 3104 1.

159 3111 221 3166 Lat.
232 3112 379 3180 parricida
392 3110 449 3164 und
465 3113 652 3180 parricidium
668 3113 719 3166 auf
807 3118 849 3167 15.
863 3114 912 3169 Aa
925 3116 999 3183 0010.
1016 3117 1073 3186 vgl.
1084 3123 1099 3184 5
1109 3125 1151 3174 53.
1171 3120 1329 3179 DieWorte

158 3183 208 3237 das
226 3181 382 3236 Vaterland
406 3184 588 3252 absterges,
611 3183 668 3252 vgl.
688 3202 715 3252 p.
769 3184 845 3254 quod
873 3185 954 3240 istius
981 3217 1014 3227 —
1038 3188 1177 3259 iugulavit
1203 3195 1331 3262 geheren

160 3253 227 3307 Sall.
252 3259 302 3319 §6
331 3252 497 3308 obstrictum
519 3270 579 3308 esse
605 3254 715 3324 patriae
769 3256 833 3310 dem
851 3254 881 3309 L.
897 3254 1016 3311 Cassius.

158 3324 321 3394 parricidio,
348 3324 386 3378 ib.
412 3330 480 3389 §19
508 3323 552 3379 illi
579 3324 656 3380 hosti
683 3341 715 3380 aa
805 3327 895 3382 Immo
913 3344 982 3383 vero.
1011 3329 1075 3400 Vgl.
1094 3337 1165 3396 §aa
1185 3339 1228 3390 43.

157 3394 314 3466 parricidae
334 3394 485 3464 (Anhang).
788 3399 932 3475 ,10001001
950 3415 1051 3467 passas
1068 3419 1125 3457 000
1143 3411 1181 3459 est
1201 3423 1255 3461 von
1274 3408 1328 3463 den

195 3472 237 3521 10.
255 3467 380 3535 infligere
397 3467 521 3533 saaraim,
537 3464 591 3521 (lie.
607 3469 671 3535 sagt
688 3465 716 3520 in
770 3472 973 3538 rereprengten
985 3470 1192 3544 Catilinarier'n,
1207 3477 1252 3532 die
1267 3480 1328 3534 sloh

159 3536 322 3591 demselben
344 3535 429 3590 Sinna
451 3555 478 3606 p.
497 3536 567 3590 Mur.
587 3542 602 3601 ξ
621 3543 655 3591 48
677 3554 715 3592 ae·
770 3539 800 3592 in
811 3538 1014 3595 Grieohenland
1028 3545 1194 3603 nmtrieben.
1213 3549 1270 3619 vgl.
1285 3557 1329 3605 41.

159 3609 247 3662 carim
264 3607 323 3660 und
336 3609 449 3677 plepem
467 3609 574 3662 inicere.
771 3615 786 3675 ξ
801 3614 835 3665 98
855 3610 1005 3681 (Anhang).

198 3683 239 3731 12.
268 3678 307 3733 Ar
333 3679 404 3733 enim
432 3677 475 3732 oft
499 3679 716 3734 vorkommende
808 3687 849 3735 18.
870 3682 969 3737 Posuit
987 3684 1115 3740 dasselbe
1134 3704 1191 3741 was
1206 3688 1252 3743 bei
1266 3690 1328 3746 Liv.

160 3749 245 3803 Form
258 3747 308 3802 der
325 3749 466 3817 πρόληψις
480 3749 547 3804 oder
561 3750 717 3819 occupatio,
772 3757 814 3818 10,
834 3758 849 3807 9
877 3770 928 3822 pro
952 3757 1027 3810 oreto
1050 3773 1166 3827 ponere,
1191 3760 1233 3813 als
1253 3760 1331 3815 wahr

160 3818 186 3874 d.
205 3819 233 3872 h.
253 3817 343 3887 eines,
366 3819 430 3873 weil
453 3820 518 3874 dem
540 3819 650 3891 Gegner
672 3840 716 3875 au·
771 3822 938 3892 hinstellen3
963 3826 1015 3881 wie
1039 3826 1103 3883 Div.
1122 3830 1151 3883 in
1171 3829 1200 3895 Q.
1218 3830 1246 3886 O.
1265 3837 1280 3898 ἕ
1296 3838 1329 3888 16

159 3891 335 3960 gemuteten‚
373 3890 470 3945 darum
506 3908 571 3947 vom
607 3892 718 3946 Redner
770 3910 845 3962 pono
864 3897 893 3949 in
912 3897 982 3951 orat.
1001 3914 1072 3954 mea.
1089 3900 1123 3954 de
1138 3899 1224 3971 Legg.
1239 3908 1264 3970 2,
1284 3909 1330 3970 §6

159 3961 248 4016 selbst
277 3961 435 4015 erhobenen
458 3961 599 4016 Einwnrfs
626 3979 717 4032 gagen
771 3965 847 4020 reete
866 3966 984 4036 Magnus
1003 3967 1052 4023 ille
1071 3973 1165 4025 noster
1182 3975 1279 4041 posuit
1301 3975 1332 4029 in

159 4033 204 4087 ein
217 4031 387 4102 Argument;
406 4033 477 4087 enim
494 4032 638 4088 isthiebei
651 4034 717 4088 Ver·
770 4035 883 4090 iudicio.
920 4038 955 4092 ad
982 4039 1059 4096 Fam.
1085 4047 1113 4109 1,
1137 4048 1167 4112 9,
1192 4049 1225 4099 21
1255 4047 1335 4115 qaod

159 4102 344 4172 sicherungs-,
357 4102 438 4158 nieht
452 4103 717 4175 Begrttndungspar-
770 4108 858 4176 paulo
877 4109 942 4163 ante
961 4110 1051 4179 posui.

158 4173 237 4227 tikel.
273 4174 336 4228 Wir
362 4174 524 4229 ubersetzen
558 4192 587 4229 es
616 4174 716 4230 durch:
807 4183 850 4232 23.
869 4183 924 4233 toto
942 4181 990 4235 illo
1009 4198 1092 4249 0000,
1111 4183 1152 4238 als
1171 4184 1201 4240 P.
1217 4185 1330 4243 Clodius

160 4243 247 4327 doeh
259 4246 336 4329 'oder
358 4245 439 4299 aber
458 4276 489 4285 -
503 4247 543 4330 'ja
566 4246 716 4316 (Anhang).
770 4246 954 4330 llollrstribun
973 4268 1038 4319 war,
1058 4253 1088 4309 L.
1106 4254 1208 4309 Pisone
1227 4258 1330 4313 1111-

160 4332 430 4451 1111111θέἔέ
446 4316 716 4444 armatu
770 4317 1060 4460 llltltlalall
1069 4326 1180 4451 15311
1205 4397 1332 4457 susi..

1080 4483 1118 4537 6*
