3084 4842
588 215 665 272 cAP.
680 222 723 273 24.
756 221 900 283 ssa—eo.
1124 180 1127 186 i
1291 214 1332 278 73

154 379 335 443 faciliorem
368 378 469 443 fuisse
500 379 540 443 ad
573 376 798 462 adipiscendos
831 377 971 442 honores
1001 379 1088 442 viam
1117 399 1159 441 an
1187 377 1332 442 futuram

155 489 226 531 esse
249 468 317 532 filio
341 489 423 551 meo,
447 468 523 552 quia
546 471 632 531 esset
655 466 783 530 familia
806 467 977 531 consulari.
1022 465 1096 550 Ego
1121 487 1196 530 vero
1221 488 1332 551 quam-

155 578 254 640 quam
273 556 323 619 illi
343 555 453 620 omnia
471 554 558 619 malo
578 577 675 638 quam
698 553 789 637 mihi,
812 559 924 618 tamen
944 554 1102 619 honorum
1123 554 1229 618 editus
1252 577 1332 618 nun-

154 667 251 729 quam
274 644 323 707 illi
345 643 509 708 faciliores
533 644 658 727 optavi,
686 664 784 727 quam
814 641 895 706 mihi
924 642 1063 707 fuerunt.
1111 642 1196 718 Quin
1225 644 1332 726 etiam,

120 747 136 796 5
155 754 197 796 ne
220 732 305 796 forte
328 732 384 796 ille
408 732 472 796 sibi
494 753 546 795 me
570 732 678 815 potius
700 731 865 814 peperisse
894 732 959 795 iam
982 731 1122 795 honores
1147 753 1244 815 quam
1270 732 1332 795 iter

156 821 395 885 demonstrasse
420 820 700 904 adipiscendorum
722 822 830 904 putet,
859 819 939 883 haec
962 820 1012 882 illi
1036 820 1124 883 solco
1147 820 1331 904 praecipere

155 931 432 1061 utttmttt.
448 908 983 1080 {lustretlttt”tull
1010 908 1141 992 gana
1168 944 1222 984 “’
1250 930 1332 991 ‘³¹³⁶

259 1085 483 1169 „Wpdctadam
514 1091 558 1150 cst
579 1105 712 1166 semper:
734 1085 851 1148 multoc
873 1086 1007 1149 insidiae
1030 1084 1104 1148 aaut
1123 1082 1237 1149 hcohf‘

102 1188 136 1237 10
155 1173 272 1238 Nostis
295 1178 415 1257 cetera,
443 1173 586 1254 [nounel

494 1262 556 1346 „ld
576 1264 659 1344 qaod
679 1262 770 1326 multi
792 1260 999 1341 invideant:“]

155 1370 237 1432 quae
262 1350 394 1434 scripsit
417 1352 528 1434 gravis
557 1355 590 1414 et
615 1351 802 1434 ingeniosus
826 1354 936 1433 poeta,
963 1371 1030 1414 non
1058 1354 1095 1413 ut
1122 1350 1196 1413 illos
1224 1349 1332 1434 regios

154 1460 281 1522 pueros,
306 1440 361 1521 qui
384 1439 450 1502 iam
469 1460 630 1523 nusquam
654 1443 756 1522 erant,
780 1439 836 1502 sed
858 1441 895 1502 ut
918 1459 978 1501 nos
1002 1441 1035 1502 et
1056 1441 1186 1502 nostros
1209 1438 1330 1503 liberos

156 1526 196 1590 ad
220 1527 366 1590 laborem
390 1531 422 1590 et
446 1527 487 1591 ad
510 1527 638 1591 laudem
662 1527 828 1591 excitaret.
1240 1536 1250 1551 ⁸

102 1627 135 1676 lo
245 1613 380 1689 Quaeris
400 1615 477 1698 quid
490 1616 635 1697 potuerit
653 1616 793 1699 amplius
814 1613 948 1697 adsequi
966 1611 1128 1696 Plancius,
1147 1613 1175 1677 si
1193 1611 1250 1678 On.
1265 1613 1330 1678 sci·
1342 1616 1386 1680 60

153 1702 262 1785 pionis
285 1702 402 1767 fuisset
419 1703 515 1768 filius.
556 1702 663 1787 Magis
687 1703 801 1767 aedilis
820 1702 889 1765 fieri
913 1722 979 1764 non
997 1702 1168 1784 potuisset,
1193 1702 1249 1765 sed
1272 1702 1333 1767 hoc

154 1795 345 1874 praestaret,
365 1792 450 1875 quod
465 1793 495 1856 ci
515 1792 622 1855 minus
641 1792 849 1857 invideretur.
891 1788 1023 1854 Etenim
1038 1789 1197 1854 honorum
1213 1790 1333 1873 gradm

155 1881 290 1943 summis
323 1880 509 1944 hominibus
542 1884 575 1944 et
607 1881 727 1944 infimis
760 1883 838 1944 sunt
867 1899 976 1963 pares,
1014 1878 1140 1963 gloriae
1177 1878 1331 1962 dispares.

6 1668 16 1701 l

155 2034 333 2103 Besteohung
352 2035 401 2089 der
416 2034 516 2090 Tribus
535 2037 717 2105 gesohlossen
809 2041 849 2089 10.
868 2037 955 2090 acetis
974 2040 1069 2101 cetera,
1087 2034 1144 2103 vgl.
1164 2051 1207 2104 ep.
1226 2036 1291 2090 fam.
1308 2042 1332 2104 2,

154 2103 260 2170 haben,
285 2105 350 2158 weil
374 2104 414 2158 sie
436 2106 518 2160 einen
536 2106 621 2161 Mann
645 2108 717 2162 alter
771 2113 814 2173 28,
835 2113 850 2159 2
879 2107 912 2159 ut
933 2105 974 2159 ibi
997 2122 1072 2160 esses
1097 2105 1157 2159 ‘ubi
1182 2122 1232 2159 nec
1253 2106 1334 2161 Pelo·

154 2174 309 2240 Nobiliter,
337 2176 391 2229 den
417 2176 491 2243 Lat,
521 2194 612 2246 gegen
635 2179 716 2233 einen
770 2176 912 2248 pidarum'
934 2208 967 2216 -
986 2178 1062 2231 coste*
1079 2182 1166 2231 cetera
1184 2206 1226 2232 —.

154 2245 278 2314 Nauling
298 2246 391 2300 haben
417 2247 592 2302 durchfallen
614 2248 715 2303 lsssen.
809 2255 850 2302 13.
870 2248 919 2317 qui
937 2249 994 2301 iam
1012 2262 1149 2316 nusquam
1162 2252 1248 2313 eraut,
1268 2246 1334 2301 weil

190 2322 215 2371 2.
234 2317 297 2386 Epo
316 2333 377 2372 cero
397 2318 441 2373 od.
458 2335 510 2387 ego
525 2321 618 2373 autem
637 2319 718 2375 leitet
772 2320 813 2374 sie
832 2336 885 2371 nur
904 2317 933 2370 in
952 2319 1002 2371 der
1021 2316 1095 2386 Sage
1114 2316 1217 2371 lebten.

154 2386 200 2442 die
221 2386 352 2442 Antwort
374 2389 432 2443 und
454 2390 644 2460 Entgegnung
668 2392 720 2446 auf
809 2393 849 2444 15.
881 2388 929 2442 Oa.
955 2387 1101 2457 Scipionis.
1138 2386 1263 2455 Mcglich
1287 2387 1332 2455 ist,

154 2457 216 2512 eine
249 2457 436 2530 Behauptung
468 2461 522 2514 ein.
558 2461 620 2515 Wir
652 2461 717 2529 „ich
772 2459 834 2513 dass
866 2458 913 2512 Cn.
944 2457 1088 2513 Cornelius
1116 2457 1161 2513 Sci
1182 2459 1210 2512 io
1238 2456 1333 2527 Asina,

154 2529 320 2598 erwidere“,
348 2549 406 2586 was
431 2530 491 2585 sich
516 2531 566 2586 der
587 2530 718 2587 Lateiner
772 2531 823 2585 der
850 2545 874 2582 a.
900 2534 953 2582 494
976 2530 1049 2596 (260)
1078 2526 1132 2582 mit
1160 2476 1188 2582 g.
1217 2527 1334 2597 Duilius,

154 2601 241 2670 spart.
772 2601 831 2655 und
849 2601 925 2653 daun
943 2614 967 2654 a.
988 2605 1040 2653 500
1060 2601 1135 2668 (254)
1154 2599 1207 2654 mit
1220 2600 1254 2651 A.
1274 2601 1335 2654 Ati·

190 2676 214 2724 3.
241 2671 285 2724 s'lli
303 2673 396 2726 munio
414 2674 501 2739 malo,
520 2672 593 2726 nach
612 2673 716 2726 Analo-
771 2671 828 2724 lius
852 2668 997 2724 Calatinus
1016 2670 1041 2723 ll
1063 2669 1171 2724 Konsul
1195 2687 1254 2725 war
1277 2672 1336 2725 und

154 2740 199 2809 gie
218 2756 274 2793 von
292 2742 351 2795 colo
369 2742 427 2794 und
443 2743 524 2821 cupio
538 2742 719 2803 honstruiert,
772 2758 823 2810 pro
848 2739 909 2795 Cos.
937 2757 964 2794 a.
992 2745 1043 2794 601
1071 2741 1146 2809 (253)
1174 2740 1210 2794 de
1232 2740 1335 2796 Poenis

141 2810 211 2934 ιι·
225 2809 524 2947 circueas
622 2854 627 2866 ·
772 2810 1242 2936 ιιιιιιιιιιιιιιι
1259 2810 1335 2936 ιι·

191 2955 216 3007 7.
236 2955 311 3005 octos
329 2967 386 3005 aon
404 2956 443 3006 cat
460 2953 584 3021 praedis.
604 2951 719 3007 M.Tul-
772 2952 819 3020 pio
839 2950 954 3018 Calvus,
979 2952 1029 3006 der
1047 2969 1071 3006 a.
1096 2957 1147 3006 632
1167 2954 1240 3021 (222)
1260 2951 1335 3006 Kon-

153 3020 209 3075 liue
243 3019 354 3090 Cicero,
392 3022 441 3076 des
473 3023 598 3076 Redners
631 3022 716 3090 Sohn,
773 3023 817 3076 sul
835 3040 893 3076 war
910 3040 937 3076 u.
956 3022 1050 3092 gleich
1068 3024 1193 3077 nachher
1211 3023 1264 3077 mit
1281 3024 1334 3078 sei·

153 3092 249 3146 wurde
265 3109 289 3147 a.
306 3099 357 3147 689
373 3095 429 3161 (65)
443 3092 569 3162 geboren
585 3110 612 3149 u.
633 3095 717 3149 stand
771 3110 838 3147 nem
855 3094 963 3147 Bruder
979 3093 1095 3148 Publius
1113 3096 1238 3163 genennt
1255 3095 1333 3163 wird,

150 3163 224 3233 jetzt
233 3163 273 3217 im
285 3168 326 3216 12.
335 3163 532 3234 Lebensjahre,
542 3163 571 3217 in
581 3166 717 3220 walchem
773 3163 823 3218 der
835 3164 866 3218 in
880 3163 1002 3233 spanien
1016 3164 1063 3218 fiel
1077 3166 1135 3218 und
1144 3165 1244 3219 dessen
1258 3165 1335 3220 Sohn

155 3232 299 3288 derater
312 3234 517 3289 ihninseinem
528 3235 717 3290 Tusculanum
770 3235 802 3289 P.
817 3233 911 3305 Scipio
925 3235 1030 3289 Nasica
1043 3252 1109 3290 war.
1138 3233 1219 3290 Denn
1233 3252 1269 3289 an
1284 3236 1333 3292 Cn.

154 3321 223 3373 geru
241 3305 337 3359 wfirds
355 3304 385 3358 in
404 3305 455 3360 der
468 3305 606 3360 Rhetorilr
623 3309 717 3361 unter-
772 3305 866 3374 Scipio
885 3305 1043 3375 Hispallus,
1067 3307 1116 3360 der
1139 3322 1164 3360 a.
1186 3311 1237 3361 678
1257 3308 1333 3378 (126)

154 3376 256 3429 wiesen
274 3375 375 3444 haben,
398 3393 479 3430 wenn
497 3375 548 3430 ihn
565 3375 645 3431 nicht
663 3377 716 3433 Ge·
771 3377 811 3430 im
819 3376 889 3430 Amt
902 3376 1158 3443 alsKonsulstarb,
1174 3376 1335 3433 wirdnicht

154 3446 263 3500 schafte
282 3446 312 3500 in
325 3447 397 3500 Rom
411 3446 602 3516 festgehalten
616 3449 716 3504 hatten
772 3465 807 3501 zu
820 3445 931 3501 denken
945 3446 1014 3502 sein.
1047 3447 1098 3501 Die
1112 3446 1214 3503 beiden
1227 3448 1335 3503 Bruder

155 3517 202 3586 (ad
221 3515 252 3580 Q.
272 3515 306 3570 fr.
325 3523 350 3583 3,
370 3522 386 3570 3
401 3537 427 3572 ιι.
443 3519 479 3587 4).
772 3518 891 3572 standon
901 3517 1013 3571 freilioh
1023 3518 1261 3573 anBcrr‘ihmtheit
1271 3519 1334 3573 dem

190 3590 215 3642 8.
239 3603 288 3641 rea
311 3588 358 3642 illc
380 3604 399 3640 a
418 3589 485 3642 Iooc
512 3594 601 3656 ortus,
631 3589 716 3645 nttml.
771 3590 988 3658 erstgenannten
1001 3589 1082 3655 nach
1096 3588 1227 3644 indessen
1241 3589 1334 3644 istbei

154 3655 270 3725 Atreus,
295 3657 345 3712 der
367 3658 398 3711 in
422 3658 472 3713 der
489 3657 717 3728 gleichsamigen
773 3658 828 3713 Cio.
849 3659 926 3713 sonst
943 3677 996 3712 nur
1010 3659 1091 3728 jener
1111 3658 1213 3714 Calvus
1231 3677 1265 3713 au
1283 3659 1334 3712 fln-

156 3727 295 3809 Tragbdie
318 3729 367 3783 des
386 3727 481 3811 Attius
506 3729 580 3799 (gob.
602 3732 664 3812 3⁷⁰)
682 3746 718 3784 an
772 3728 828 3783 den
846 3730 904 3782 und
921 3729 1013 3812 durfte
1027 3730 1120 3810 daher,
1133 3730 1206 3784 auch
1220 3728 1281 3784 hier
1299 3746 1334 3783 zu

154 3798 718 3950 tttifttttttttt..stlta
772 3798 1152 3926 :stuntltrtttttts
1166 3801 1335 3926 attath

154 3939 202 3994 ber
216 3937 271 3994 cic.
287 3939 422 4009 prodest.
436 3947 451 4006 ξ
467 3946 518 3995 102
533 3959 563 3996 so
577 3942 716 3997 lauteten:
771 3941 817 3997 ist.
844 3941 878 3995 de
893 3942 962 4011 Rep.
984 3948 1007 4008 1,
1027 3947 1076 4007 §1-
1100 3942 1199 3997 Parad.
1221 3949 1245 4010 1,
1264 3949 1332 4008 512.

227 4041 260 4050 -
294 4009 477 4098 lligilandum
516 4013 560 4101 est
596 4030 717 4095 semper:
772 4011 843 4066 Cato
861 4017 882 4095 §n
896 4017 938 4095 75,
963 4017 1039 4077 §82
1067 4084 1076 4112 ε
1145 4081 1152 4093 θ
1218 4084 1224 4096 ι

226 4080 717 4221 iulitthttttttth
771 4084 1334 4222 ...1t·..ults3u.s;²tsuuue

261 4223 340 4292 tique
355 4226 497 4294 expetant,
516 4225 630 4279 inscitia
648 4226 691 4280 est
771 4223 896 4292 equestri
909 4223 971 4278 loco
989 4226 1073 4277 natus
1090 4224 1267 4278 aedilitatem
1286 4224 1333 4278 ob-

226 4293 381 4362 Postume,
398 4295 454 4349 m'si
467 4296 595 4350 laborem
607 4297 718 4350 summa
770 4293 895 4361 tinuerit,
914 4293 1076 4350 invidetnr'.

263 4381 327 4419 cum
350 4382 417 4421 cura
435 4367 541 4421 ecferas
563 4367 715 4436 (Anhang).
808 4370 849 4419 18.
869 4366 968 4419 summi
981 4369 1007 4417 et
1020 4365 1111 4431 infimi
1123 4365 1192 4418 bom.
1209 4363 1272 4418 sind
1286 4363 1332 4419 die
