3084 4842
219 228 281 294 108
552 228 623 284 PRO
643 228 699 284 CN.
718 227 877 284 PLANCIO
898 228 1043 284 ORATIO.

215 391 354 456 felicem!
392 391 548 475 siquidem
581 412 641 477 ego
668 391 730 456 tibi
759 391 852 456 vivus
883 413 950 456 non
980 414 1128 476 prosum,
1160 393 1215 478 qui
1242 392 1381 459 fortasse

216 484 364 545 mortuus
395 480 598 564 profuissem.
644 479 779 544 Memini
811 480 909 561 enim,
941 481 1073 544 memini
1104 503 1207 565 neque
1240 504 1381 567 unquam

216 569 387 634 obliviscar
409 569 514 634 noetis
537 569 633 649 illius,
657 590 729 633 cum
752 568 814 632 tibi
836 567 999 653 vigilanti,
1027 568 1201 649 adsidenti,
1223 572 1381 635 maerenti

215 679 300 722 wana
314 658 472 741 quaedam
491 657 588 722 miser
606 661 702 741 atque
720 657 833 722 inania
851 657 932 722 falsa
950 679 1007 741 spe
1024 658 1171 723 inductus
1190 659 1381 742 pollicebar:

216 767 280 831 me,
309 748 337 810 si
364 767 467 810 essem
495 746 531 809 in
556 746 697 830 patriam
724 746 907 829 restitutus,
939 751 1141 829 praesentem
1170 748 1231 812 tibi
1259 749 1418 833 gratiosa

215 835 404 918 relaturum3
435 836 486 899 sin
510 840 566 899 aut
587 835 689 900 uitam
716 835 799 899 mihi
825 834 893 899 fors
921 834 1095 900 ademisset
1122 837 1249 901 antris
1273 837 1383 920 aliqua

215 924 320 988 maior
347 922 486 988 reditum
516 922 719 1007 peremisset,
746 923 822 1007 hos,
849 922 909 988 hos
935 957 974 969 --
999 945 1078 1007 quos
1106 925 1192 989 enim
1221 945 1282 1011 ego
1311 929 1382 990 tum

215 1012 298 1076 alios
321 1012 429 1077 animo
447 1012 621 1077 intuebar?
639 1048 676 1058 -
698 1012 807 1076 omnia
829 1011 890 1077 tibi
912 1011 1043 1076 illorum
1066 1012 1214 1078 laborum
1236 1014 1382 1098 praemia

214 1122 272 1184 pro
295 1122 347 1164 me
365 1101 599 1185 persoluturos.
636 1099 718 1176 Quid
741 1122 793 1164 me
818 1099 1010 1184 adspectas?
1033 1101 1109 1184 quid
1131 1123 1204 1166 mea
1221 1103 1382 1186 promissa

213 1188 358 1273 repetis?
390 1188 466 1272 quid
493 1210 599 1253 meam
624 1188 717 1253 fidem
746 1188 925 1271 imploras?
967 1188 1059 1254 Nihil
1081 1190 1141 1254 tibi
1165 1210 1227 1274 ego
1250 1194 1320 1255 tum
1343 1192 1381 1257 de
1403 1209 1440 1259 10

214 1278 295 1341 meis
323 1278 438 1359 opibus
466 1276 658 1362 pollicebar,
685 1277 741 1342 sed
768 1278 807 1342 de
834 1277 950 1342 horum
977 1297 1055 1361 erga
1086 1300 1138 1343 me
1165 1279 1383 1344 beniuolentia

215 1363 462 1451 promittebam3
489 1365 550 1430 hos
573 1387 632 1448 pro
657 1386 708 1429 me
731 1365 852 1449 lugere,
879 1366 940 1431 hos
969 1387 1107 1452 gemere,
1136 1367 1196 1432 hos
1220 1367 1382 1433 decertare

214 1474 273 1535 pro
302 1474 373 1518 meo
403 1454 509 1537 capite
532 1453 585 1519 vel
612 1454 697 1518 vitae
725 1454 869 1537 periculo
897 1455 979 1519 velle
1007 1455 1170 1540 videbam,
1199 1456 1239 1520 de
1265 1456 1382 1521 horum

214 1540 381 1625 desiderio,
401 1543 503 1626 luctu,
523 1542 661 1627 querelis
681 1542 799 1608 cotidie
818 1543 940 1627 aliquid
958 1547 1066 1609 tecum
1085 1543 1181 1608 simul
1200 1544 1382 1626 audiebam,

214 1651 298 1695 nuno
316 1630 425 1715 timeo,
442 1652 483 1695 ne
501 1630 562 1695 tibi
580 1630 662 1695 nihil
681 1635 811 1714 praeter
829 1631 980 1697 lacrimas
1000 1654 1116 1716 queam
1139 1632 1279 1718 reddere,
1301 1654 1380 1716 quas
1401 1652 1437 1701 15

164 1719 229 1785 102
238 1721 275 1783 tu
294 1720 329 1783 in
347 1719 427 1783 meis
445 1719 675 1784 acerbitatibus
694 1719 853 1802 plurimas
868 1720 1017 1785 effudisti.
1048 1719 1131 1797 Quid
1145 1722 1230 1786 enim
1248 1743 1381 1807 possum

215 1807 301 1871 aliud
330 1807 392 1871 nisi
421 1829 576 1888 maerere,
603 1808 666 1872 nisi
694 1807 784 1892 flere,
811 1808 876 1873 nisi
903 1812 936 1872 te
965 1830 1037 1874 eum
1065 1831 1137 1874 mea
1165 1810 1269 1874 salute
1297 1831 1381 1875 com-

215 1894 336 1978 plecti?
369 1893 512 1960 Salutem
531 1896 592 1960 tibi
609 1897 707 1960 iidem
726 1896 803 1960 dare
821 1899 966 1980 possunt,
986 1897 1041 1983 qui
1064 1898 1145 1962 mihi
1167 1898 1382 1963 reddiderunt

216 1984 261 2048 Te
284 1988 394 2048 tamen
418 2021 456 2031 -
482 2005 628 2069 exsurge,
656 2006 777 2068 quaeso
802 2020 843 2031 -
867 1986 1012 2051 retinebo
1036 1990 1069 2050 et
1092 1987 1298 2071 complectar,
1323 2008 1382 2051 nec

216 2093 267 2136 me
291 2073 397 2137 solum
421 2073 661 2156 deprecatorem
684 2072 890 2138 fortunarum
911 2077 1054 2158 tuarum,
1079 2076 1135 2139 sed
1158 2076 1307 2141 comitem
1332 2096 1382 2140 so·
1400 2093 1438 2144 ao

212 2281 242 2336 in
267 2282 402 2336 walchem
429 2282 558 2351 gewacht
585 2282 668 2349 wird,
695 2282 769 2336 dano
824 2280 903 2336 liceri
929 2281 979 2338 ist:
1008 2284 1137 2353 dagagen
1165 2285 1260 2340 bieten
1278 2311 1312 2331 =
1329 2301 1381 2353 pro

215 2351 606 2423 dieThatigkeitdestters
619 2352 770 2422 selbst‚die
824 2350 903 2407 liceri
934 2354 996 2422 (wie
1026 2354 1182 2424 porrigere,
1214 2354 1382 2425 portendere

214 2421 374 2494 Behr'ltung,
388 2424 573 2494 Bewacbung.
593 2425 771 2478 Zueammen·
824 2423 974 2492 gebildet),
994 2424 1054 2479 sich
1071 2424 1216 2493 freiwillig
1234 2425 1381 2494 verpflich-

150 2508 152 2513 ·
214 2495 373 2565 stellungen
391 2493 483 2549 dieser
501 2501 517 2550 3
536 2494 657 2565 Begriffe
678 2494 771 2550 finden
823 2497 885 2561 ten,
914 2496 1001 2550 etwas
1033 2496 1077 2549 fiir
1105 2496 1150 2550 ein
1176 2494 1382 2564 Empfangenes

214 2565 275 2619 sich
296 2566 342 2620 bei
360 2565 456 2621 Cicero
479 2565 584 2636 h'aufig.
615 2584 666 2636 pro
685 2564 770 2621 Maro.
823 2565 896 2620 than
919 2566 986 2621 oder
1012 2564 1113 2620 leisten
1142 2585 1174 2622 au
1197 2564 1307 2621 wollen.
1344 2567 1382 2621 Es

214 2641 274 2702 §32
289 2637 385 2691 excub.
398 2638 428 2690 et
441 2638 547 2692 custod.
571 2653 623 2706 pro
637 2637 695 2691 Mil.
710 2642 769 2703 §6⁷
823 2636 911 2692 findet
930 2636 975 2691 bei
989 2635 1045 2692 Cic.
1062 2655 1115 2691 nur
1133 2637 1169 2692 da
1188 2636 1267 2691 seina
1285 2635 1381 2705 Stella,

214 2707 239 2761 si
257 2708 363 2774 excub,
382 2706 499 2777 sirigil.
522 2707 643 2777 Philipp.
655 2713 688 2762 12
707 2713 772 2774 §24
826 2724 870 2763 wo
888 2708 965 2762 einer
982 2707 1052 2764 iiber
1069 2708 1138 2777 sich,
1157 2707 1218 2765 sein
1230 2707 1382 2777 Eigentum

214 2776 478 2848 haecwigiliahaec
487 2779 622 2846 custodia,
631 2780 771 2848 hoeprae-
826 2778 884 2833 und
898 2778 1123 2849 seinVermdgen
1136 2782 1223 2836 etwas
1237 2778 1381 2847 werheilst,

216 2849 319 2903 sidium
338 2849 480 2918 stativum,
499 2850 601 2905 ebenso
616 2848 686 2905 (lato
700 2854 715 2915 9
728 2856 753 2904 3.
825 2851 989 2919 promittere
1011 2851 1088 2906 kann
1109 2868 1175 2907 man
1193 2852 1265 2906 auch
1284 2851 1314 2905 in
1331 2849 1382 2904 Be·

251 2927 275 2976 1.
317 2921 430 2975 ‘uidem
456 2919 538 3043 piebt
566 2920 627 2975 hier
650 2920 695 2976 die
726 2938 772 2974 nu·
826 2938 880 2990 aug
897 2921 948 2976 aui
961 2919 1094 2977 Fremdes
1112 2941 1138 2977 ιι.
1155 2922 1266 2977 andere.
1293 2938 1381 2992 prom.

214 2994 315 3060 gestan
337 3007 387 3045 ene
415 2991 454 3044 Be
476 3009 561 3061 mgon
608 3009 658 3059 an,
690 2993 772 3046 nnter
826 2990 923 3047 haifst:
946 2993 1041 3048 Etwas
1059 2993 1168 3061 aeigen,
1190 3009 1247 3048 was
1264 2990 1382 3047 hoffent-

215 3062 264 3116 dar
282 3060 328 3114 dia
346 3061 494 3116 Adiectiva
511 3062 635 3129 miseras,
655 3062 771 3130 flebiles,
825 3061 882 3115 lich
897 3062 1035 3117 eintreten
1049 3064 1126 3129 wird‚
1144 3064 1230 3117 etwas
1245 3063 1382 3117 erwarten

215 3132 338 3197 acerbas,
357 3130 498 3185 infelicem
516 3131 620 3200 richtig
638 3130 708 3185 sind.
825 3130 930 3199 lassen,
956 3131 1063 3186 aowohl
1086 3148 1141 3187 von
1164 3132 1237 3198 sich,
1261 3132 1303 3184 als
1326 3147 1382 3184 von

249 3207 275 3259 2.
298 3206 421 3256 mortuas
443 3200 506 3255 hier
528 3200 574 3255 fur
599 3201 623 3254 ai
645 3202 771 3254 mortuns
825 3200 954 3256 anderen.
971 3200 1055 3255 Jenea
1068 3202 1106 3256 ist
1119 3199 1379 3268 nnaerverheilsen‚

214 3288 310 3327 essem.
825 3269 915 3323 dieses
938 3286 1021 3324 unser
1043 3272 1229 3340 rerepreehen
1251 3270 1318 3326 oder
1335 3287 1381 3324 au-

250 3349 274 3399 t.
284 3349 462 3413 praesentem,
477 3341 530 3396 mit
542 3341 770 3395 meinerPerson.
825 3355 919 3410 sager.

283 3415 356 3469 atius
389 3414 491 3481 referre
525 3411 565 3468 ist
599 3428 638 3465 un
658 3411 770 3467 ewdhn-
862 3416 904 3468 15.
927 3410 1055 3467 lacrima
1078 3412 1201 3479 sedwa,
1223 3411 1277 3467 wie
1299 3412 1382 3468 bene·

213 3485 252 3539 lic
272 3501 310 3550 er,
329 3485 406 3540 steht
421 3484 489 3539 aber
502 3484 575 3539 auch
588 3483 639 3537 Pb'
655 3489 696 3551 ,3,
710 3487 770 3548 §39
825 3482 917 3537 ficium
935 3483 1050 3538 reddere
1068 3483 1104 3537 de
1123 3481 1175 3538 off.
1192 3489 1215 3550 1,
1234 3489 1306 3550 548.

146 3622 148 3625 ¹
213 3557 259 3611 rur
277 3555 398 3625 gratiam
415 3556 528 3611 referre.
863 3560 904 3610 16.
919 3554 1085 3620 aceruatos,
1099 3554 1144 3608 die
1154 3554 1260 3609 bittern
1269 3554 1381 3609 Leiden.

249 3634 274 3683 7.
284 3628 417 3697 peritam
427 3652 461 3672 =
475 3625 575 3682 tollere
585 3626 645 3680 auf
655 3624 773 3680 immor
825 3624 855 3679 in
869 3624 928 3680 Cat.
942 3631 968 3692 4,
981 3630 997 3690 ς
1009 3631 1036 3679 1:
1056 3623 1157 3680 Omnes
1171 3624 1270 3692 acerb„
1285 3640 1383 3681 omnes

213 3697 357 3754 vereiteln.
401 3696 465 3767 Vgl.
500 3714 551 3767 pro
585 3696 656 3753 Sest.
684 3703 771 3762 §492
826 3696 936 3751 dolores
955 3694 1149 3765 cruciatusque
1167 3694 1298 3765 perferre.

215 3770 245 3824 ei
277 3785 390 3824 causam
425 3768 567 3838 publicam
602 3783 665 3822 mea
696 3784 771 3823 mors
863 3773 904 3824 17.
929 3772 955 3823 te
977 3783 1038 3823 eum
1060 3784 1119 3823 meu
1141 3769 1229 3823 solute
1247 3792 1281 3814 ι-
1300 3765 1331 3822 in
1353 3768 1382 3822 te

214 3839 380 3911 peremisset
397 3865 430 3886 =
445 3838 500 3894 den
518 3839 650 3894 letaten
668 3837 773 3908 Schlag
825 3855 918 3894 meam
945 3838 1065 3892 salutem
1093 3837 1161 3892 oder
1187 3839 1217 3892 te
1240 3854 1297 3893 nna
1320 3855 1383 3893 cum

216 3912 343 3981 gegeben
365 3912 453 3965 hatte.
490 3910 612 3966 Beachte
638 3910 683 3965 die
706 3909 773 3964 Par·
825 3907 962 3965 messal.
998 3909 1061 3964 Wir
1078 3910 1193 3963 wurden
1216 3908 1383 3979 umgekehrt

215 3981 357 4035 onomasie
378 3981 530 4036 ademisset
549 4011 581 4021 -
600 3980 771 4049 peremisset.
827 3997 925 4050 sager:
937 3979 986 4034 leh
994 3979 1169 4050 umschlinge
1179 3980 1232 4034 mit
1240 3979 1284 4034 dir
1292 3978 1382 4033 maine

249 4052 306 4119 tos,
322 4051 367 4106 die
381 4051 505 4118 Richter,
521 4051 554 4121 ja
568 4049 614 4105 die
628 4050 772 4120 Anklager
825 4051 924 4120 eigene
938 4049 1108 4107 Wohlfahrt.

214 4122 315 4189 selbst,
337 4121 367 4176 in
383 4123 474 4177 denen
492 4120 563 4190 (lia,
582 4120 647 4176 weil
664 4120 704 4177 sie
722 4122 772 4176 der
862 4126 904 4176 19.
927 4122 1055 4190 retinebo,
1078 4121 1167 4175 demit
1185 4121 1223 4175 du
1240 4120 1320 4175 nicht
1339 4119 1382 4174 ins

214 4192 309 4248 Partei
335 4192 385 4248 der
413 4192 575 4263 Optimaten
602 4193 771 4262 angehbren
826 4191 889 4246 Eril
906 4211 942 4247 au
959 4194 1049 4260 gehen
1065 4193 1206 4247 brauohst.
1234 4189 1323 4245 Sollte
1341 4189 1383 4244 in-

216 4264 292 4319 seine
314 4264 452 4331 Frennde,
476 4263 522 4318 dia
546 4263 654 4318 Racher
681 4263 772 4318 seiner
826 4262 924 4320 dassen
946 4262 986 4319 Pl.
1011 4264 1102 4333 gehen
1123 4266 1247 4329 mussan,
1271 4276 1302 4315 so
1320 4277 1382 4316 ver-

216 4335 312 4390 Unbill
330 4334 456 4390 erkennt.
825 4332 911 4389 haifst
934 4334 990 4389 Cic.
1019 4333 1079 4389 sein
1105 4334 1198 4388 trenes
1224 4332 1383 4387 Ausharren

252 4412 293 4461 11.
304 4406 493 4476 pollicebar-
498 4406 697 4476 promittebam.
712 4405 770 4475 pol·
825 4403 873 4460 bei
890 4404 955 4460 dem
973 4403 1205 4476 Unglr‘icklichen.
