3084 4842
559 175 637 230 CAP.
656 181 735 230 1-2.
764 181 779 242 5
794 181 881 231 2-6.
1263 176 1305 240 29

132 343 245 404 tamen
267 338 315 402 ita
337 336 459 421 magni,
482 339 519 400 ut
542 358 604 422 ego
627 340 786 420 putarem,
808 336 959 421 ponderis
984 337 1068 420 apud
1087 358 1146 402 vos
1164 359 1234 403 esse
1253 338 1307 402 de·

132 430 223 493 bere:
251 427 333 491 haee
356 425 437 489 mihi
465 427 541 489 sunt
567 425 749 509 tractanda,
777 425 915 509 iudices,
943 428 976 489 et
999 425 1139 507 modice,
1166 426 1307 510 nequid

133 517 203 600 ipse
223 514 394 595 offendam,
417 516 451 577 et
472 517 542 577 tum
563 513 708 597 denique,
732 534 804 577 eum
828 513 1025 596 respondero
1044 513 1242 595 criminibus,
1266 536 1306 579 ns

133 607 290 668 nontam
315 601 503 666 innocentia
521 623 595 666 reus
619 624 678 665 sua
696 623 793 686 quam
816 601 1038 666 recordatione
1058 623 1203 666 meorum
1227 606 1306 667 tem-

98 708 115 758 ὅ
135 713 251 776 porum
275 689 426 755 defensus
449 710 519 754 esse
542 689 698 754 videatur.

224 778 286 844 Sed
311 778 392 842 mihi
420 777 454 841 in
477 799 575 842 causa
598 777 688 842 facili
712 781 809 861 atque
833 777 992 860 explicata
1019 777 1234 862 perdifficilis,
1262 779 1339 845 irs-5

135 868 230 951 dices,
253 870 286 931 et
309 866 434 930 lubrica
453 865 649 931 defensionis
668 865 752 930 ratio
771 865 975 949 proponitur.
1012 864 1108 949 Nam,
1132 868 1306 931 sitantum

135 956 231 1021 modo
255 955 336 1019 mihi
364 975 495 1019 necesse
519 957 605 1019 esset
628 958 742 1018 contra
764 953 973 1018 Laterensem
997 954 1111 1037 dicere,
1139 958 1249 1019 tamen
1275 955 1309 1020 id

135 1044 243 1128 ipsum
267 1046 352 1106 esset
375 1042 409 1106 in
431 1045 525 1107 tanto
549 1064 611 1106 usu
632 1046 746 1107 nostro
769 1046 926 1125 tantaque
954 1042 1098 1106 amicitia
1126 1043 1307 1109 molestum.

81 1150 116 1200 1o
135 1130 240 1195 Vetus
264 1134 314 1195 est
337 1132 422 1195 enim
448 1131 499 1194 lex
526 1131 583 1195 illa
605 1131 712 1195 iustae
735 1151 895 1215 veraeque
919 1131 1096 1213 amicitiae,
1124 1132 1310 1214 quaemihi

136 1241 208 1284 cum
231 1220 289 1284 illo
308 1219 374 1283 iam
398 1218 453 1282 diu
477 1221 539 1301 est,
562 1222 599 1283 ut
621 1219 707 1283 idem
730 1218 827 1283 amici
851 1240 978 1303 semper
995 1220 1113 1284 velint:
1136 1241 1240 1305 neque
1259 1224 1310 1284 est

135 1308 238 1372 ullum
267 1307 427 1371 amicitiae
456 1308 574 1371 certius
597 1307 762 1372 vinculum
787 1328 883 1390 quam
910 1329 1085 1372 consensus
1110 1311 1143 1373 et
1170 1309 1309 1373 societas

137 1395 348 1461 consiliorum
367 1399 400 1460 et
418 1396 631 1460 voluntatum.
673 1395 757 1459 Mihi
781 1398 890 1459 autem
913 1417 980 1460 non
1003 1395 1037 1459 id
1060 1399 1111 1460 est
1133 1397 1168 1459 in
1190 1396 1252 1462 hac
1275 1419 1310 1461 re

136 1484 417 1567 molestissimum,
451 1487 564 1548 contra
590 1483 684 1548 illum
713 1482 833 1566 dicere,
865 1482 922 1547 sed
950 1485 1054 1547 multo
1082 1484 1163 1549 illud
1196 1485 1310 1569 magis,

83 1590 117 1640 15
138 1572 224 1656 quod
247 1573 281 1635 in
304 1593 342 1635 ea
366 1593 464 1636 causa
488 1571 789 1636 contradicendum
810 1574 867 1653 est,
891 1571 926 1633 in
945 1593 1008 1654 qua
1028 1571 1188 1654 quaedam
1206 1573 1310 1637 homi-

136 1682 215 1724 num
243 1659 389 1745 ipsorum
412 1659 540 1725 videtur
567 1659 717 1723 facienda
746 1680 816 1722 esse
844 1658 1019 1723 contentio.
1066 1659 1201 1736 Quaerit
1224 1660 1340 1728 enimli

137 1747 324 1813 Laterensis
349 1752 446 1833 atque
469 1748 531 1813 hoc
554 1768 619 1811 uno
643 1746 783 1812 maxime
806 1748 915 1832 urget,
943 1769 1007 1830 qua
1030 1769 1065 1812 se
1088 1747 1221 1832 virtute,
1248 1771 1312 1833 qua

137 1836 232 1900 laude
246 1836 408 1917 Plancius,
428 1857 492 1921 qua
507 1836 671 1921 dignitate
691 1835 859 1918 superarit.
891 1834 952 1919 Ita,
972 1836 1000 1900 si
1019 1836 1097 1901 cedo
1115 1836 1203 1901 illius
1218 1860 1311 1902 orna·

139 1924 268 2007 mentis,
291 1946 373 2008 quae
392 1926 495 1988 multa
514 1927 546 1988 et
564 1944 684 2008 magna
703 1927 793 2007 sunt,
815 1945 883 1988 non
902 1924 1007 1989 solum
1024 1925 1121 1990 huius
1140 1925 1311 2012 dignitatis

82 2030 121 2081 20
139 2013 268 2077 iactura
290 2012 437 2076 facienda
461 2014 521 2096 est,
551 2013 607 2077 sed
631 2012 730 2077 etiam
752 2012 940 2097 largitionis
964 2013 1147 2098 recipienda
1170 2015 1312 2099 suspicio

175 2226 203 2276 3.·
228 2236 262 2274 ae
284 2236 341 2275 aon
363 2226 420 2275 tom
439 2250 473 2260 -
492 2237 588 2290 qoam,
612 2221 701 2275 damit
791 2226 815 2274 9.
830 2221 863 2274 ia
876 2225 953 2275 teoto
962 2237 1017 2276 usu
1029 2222 1313 2277 aodro‘beiunserm

140 2308 170 2345 er
184 2291 264 2345 mehr
275 2321 309 2331 -
324 2291 365 2346 als
381 2294 432 2347 etc.
459 2290 512 2346 Die
523 2291 700 2361 Negationen
754 2290 1049 2346 heralichenVerkehr
1062 2292 1120 2346 und
1134 2310 1230 2347 unsrer
1243 2293 1313 2347 inni-

140 2362 231 2417 heben
256 2361 316 2416 sich
339 2362 394 2417 auf.
432 2362 585 2417 Wtrtlichz
611 2362 702 2417 damit
756 2378 810 2430 geu
828 2360 1053 2416 Freundsohaft'.
1091 2364 1145 2417 Zur
1165 2362 1314 2417 Nachstel·

140 2449 171 2486 er
198 2432 276 2486 nicht
300 2433 354 2486 den
377 2433 517 2488 Anachein
545 2433 631 2503 gebo,
660 2433 702 2487 als
755 2432 826 2500 lung
844 2448 899 2485 von
917 2437 1008 2486 noster
1027 2433 1084 2502 vgl.
1100 2433 1178 2487 Verr.
1193 2433 1218 2486 V
1233 2439 1247 2498 5
1263 2439 1312 2488 101

140 2507 264 2557 wasser
282 2503 362 2558 nicht
384 2504 492 2558 sowohl
512 2504 599 2559 durch
623 2503 701 2557 seius
755 2507 865 2556 tantum
877 2503 927 2556 hoc
945 2501 1059 2571 crimen,
1078 2503 1113 2556 de
1128 2506 1197 2558 orat.
1212 2504 1315 2570 11584

141 2573 298 2640 Unsohuld,
322 2574 364 2628 als
383 2574 520 2629 vielmehr
544 2574 631 2628 durch
655 2571 701 2627 die
755 2577 835 2626 tanta
853 2573 905 2626 hac
922 2571 952 2625 in
970 2589 1008 2626 re.

140 2643 317 2713 Erinnerung
335 2661 372 2698 an
389 2645 482 2699 meino
500 2643 702 2713 Ungluchszeit
793 2646 834 2697 10.
850 2643 894 2696 lex
907 2643 1054 2699 amicitiae.
1074 2643 1130 2698 Cic.
1141 2643 1176 2698 de
1190 2662 1244 2698 am.
1255 2650 1270 2711 5
1281 2653 1314 2700 22

141 2713 295 2784 geschttat.
756 2712 813 2765 und
832 2711 889 2766 bes.
909 2712 1024 2769 Sallust.
1040 2713 1123 2768 Catil.
1144 2721 1186 2784 20,
1205 2721 1223 2769 4
1240 2717 1315 2770 idem

178 2789 204 2837 4.
224 2798 343 2837 meorum
361 2789 517 2851 temporam.
550 2783 614 2852 Vgl.
634 2788 658 2849 1,
678 2789 702 2837 1.
757 2780 831 2835 velle
850 2785 935 2850 atque
954 2784 1029 2838 idem
1047 2786 1131 2853 nolle,
1151 2801 1185 2840 ea
1204 2785 1316 2841 demum

179 2858 307 2918 55-35.
334 2851 430 2908 Erster
446 2852 515 2907 Teil.
544 2852 703 2908 Laterensis
756 2852 838 2906 firma
856 2854 982 2908 amicitia
1000 2857 1051 2910 est.

143 2923 265 2992 beklagt
296 2923 356 2977 sich
387 2922 441 2977 mit
471 2923 607 2993 Unrecht,
641 2923 703 2978 dass
795 2928 836 2977 16.
856 2926 991 2980 comestio
1009 2926 1071 2981 hier
1085 2951 1118 2972 =
1133 2928 1316 2997 comparatio,

143 2993 276 3049 Plancius
308 2993 367 3048 ihm
398 3011 582 3065 vorgeaogen.
624 2995 704 3049 Denn
759 2993 815 3061 vgl.
834 3011 861 3062 p.
879 2993 950 3049 Mur.
970 3000 1034 3061 514
1056 2996 1167 3051 facilior
1186 3001 1229 3052 est
1246 2999 1317 3053 mihi

145 3067 171 3134 1)
186 3070 201 3131 5
216 3070 307 3119 5-11
323 3064 457 3119 dssVolk
475 3064 599 3119 urteilt
616 3063 703 3134 nicht,
758 3064 852 3118 aditus
883 3065 920 3118 ad
947 3069 1143 3122 contentionem
1171 3068 1317 3138 dignitatis

143 3153 225 3191 wenn
240 3152 269 3190 es
281 3135 378 3204 wthlt,
393 3137 512 3191 sondern
525 3135 599 3205 folgt
612 3137 704 3191 seiner
757 3135 815 3188 und
835 3151 865 3189 so
884 3135 981 3206 htafig
997 3138 1045 3193 bei
1063 3136 1119 3193 Oic.

144 3207 249 3261 Laune.
271 3204 337 3261 Dies
351 3206 424 3261 mass
439 3209 569 3276 ertrageu
583 3206 703 3262 werden.
796 3211 837 3260 11.
856 3213 942 3276 erqo,
961 3208 1074 3263 absolut
1086 3210 1140 3264 wie
1155 3215 1170 3275 5
1184 3215 1228 3279 48,
1246 3212 1318 3267 auch

181 3283 206 3332 7.
230 3278 353 3333 lubricus
369 3276 448 3360 steht
463 3278 529 3361 dem
548 3278 703 3347 explicatus
759 3275 806 3330 Or.
825 3281 915 3342 5137.
952 3277 990 3332 Er
1007 3278 1095 3362 treibt
1117 3281 1148 3333 in
1166 3281 1211 3336 die
1230 3280 1318 3351 Engo.

145 3348 705 3488 {etth},ltttttttftttlt
781 3351 1319 3499 thtlhltldtttttsttt

147 3505 213 3542 man
239 3487 391 3559 fehlgehen
417 3490 475 3543 und
501 3488 590 3544 fallen
619 3489 704 3543 kann.
771 3488 893 3542 emillae,

147 3559 184 3613 So
198 3559 276 3613 locus
290 3559 415 3614 lubricus
428 3559 463 3614 de
478 3560 530 3615 Off.
544 3566 568 3630 1,
584 3566 599 3627 5
614 3566 705 3615 611-
797 3564 839 3613 19.
857 3560 941 3614 tuias
959 3576 995 3614 sc.
1016 3561 1131 3618 Plancii.
1164 3563 1201 3617 Es
1221 3564 1319 3620 stehen

147 3627 247 3683 Neben
270 3629 392 3684 difficilis
415 3634 494 3686 sonst
516 3632 589 3686 auch
608 3647 705 3701 scopu·
760 3628 894 3684 einander
909 3630 1071 3700 gegenuber
1083 3633 1161 3688 illius
1176 3634 1320 3704 (Lateren-

149 3699 235 3756 loeus.
271 3700 333 3755 Div.
352 3701 383 3754 in
402 3701 434 3767 Q.
450 3701 478 3756 C.
499 3707 571 3767 536.
761 3698 811 3768 sis)
826 3701 997 3756 ornamentis
1015 3704 1073 3757 und
1092 3704 1173 3759 huius
1188 3704 1319 3775 (Planoii)

182 3772 303 3838 proponi
318 3769 380 3825 hier
393 3772 423 3825 in
437 3773 552 3826 anderrn
565 3770 649 3828 Sinna
664 3771 706 3826 als
761 3768 918 3839 dignitatis.
1294 3776 1299 3787 ⁸

149 3845 165 3905 5
179 3845 226 3906 9⁷3
246 3840 310 3895 dort
324 3841 362 3896 ist
376 3857 406 3896 es
419 3844 627 3910 vorschweben‚
645 3843 707 3897 hier
797 3842 828 3895 di
844 3844 943 3898 nitatis
959 3869 993 3889 =
1008 3844 1175 3913 aedilitatis,
1195 3845 1248 3900 wie
1264 3845 1320 3902 cic.

149 3910 345 3979 bevorstehen,
364 3912 432 3966 aber
449 3912 502 3968 mit
519 3915 583 3969 dem
597 3913 706 3968 Nehen-
762 3910 799 3965 ad
818 3857 894 3968 dam.
914 3913 953 3981 II,
977 3922 1001 3969 9.
1022 3945 1056 3954 -
1075 3915 1174 3970 Gleich
1198 3917 1322 3973 nachher

151 3982 243 4036 siuns:
267 3982 297 4036 in
315 3981 366 4037 der
384 3982 479 4039 Weise
498 3984 632 4053 beverst,
655 3984 708 4038 wie
761 3981 801 4036 ist
819 3998 849 4035 es
863 3983 1052 4054 Wtirdiglreit.

150 4052 196 4106 die
210 4052 363 4109 Phantasie
383 4052 630 4125 den'Gegenstand
647 4071 709 4109 aus·
799 4058 842 4110 20.
874 4056 985 4110 tamara
1015 4056 1146 4123 facienda
1173 4062 1218 4112 eat.
1264 4059 1321 4114 lch

151 4122 229 4190 malt,
246 4124 314 4179 oder
327 4125 381 4178 wie
394 4143 460 4180 man
474 4125 535 4181 sich
548 4127 598 4180 ihu
612 4125 709 4181 denht.
763 4122 836 4177 mule
851 4124 897 4179 die
908 4125 1013 4179 Ws'irde
1028 4125 1077 4179 des
1091 4125 1220 4181 Plancius
1234 4129 1322 4197 prsis-

153 4194 189 4248 So
209 4194 264 4250 Cic.
279 4195 316 4250 ad
334 4195 492 4264 Att.II,19
511 4196 604 4251 Minae
619 4195 710 4250 Clodii
764 4194 1322 4267 geben(eigsntl.siedherBordwerfen)

153 4266 410 4337 contentionesque,
429 4284 501 4335 quae
519 4267 590 4321 mihi
608 4281 709 4335 propo·
763 4265 821 4318 und
840 4265 894 4318 den
908 4264 1058 4331 Vardacht,
1077 4265 1119 4318 als
1138 4266 1212 4321 habe
1230 4284 1260 4322 er
1275 4268 1325 4323 be·

153 4337 264 4404 huntur,
282 4336 392 4391 modice
410 4354 456 4392 me
474 4338 604 4407 tangunt.
765 4335 880 4389 stechen
907 4336 1021 4402 wellen,
1049 4333 1234 4406 hinnehmen3
1266 4339 1325 4394 und
