3084 4842
219 198 282 264 106
559 200 629 256 PRO
649 199 705 258 CN.
723 199 880 256 PLANCIO
901 200 1045 258 ORATIO.

216 362 326 428 Flacci
345 364 475 429 contuli.
498 362 558 429 Oui
576 385 648 428 cum
667 364 770 429 omnis
790 367 906 448 metus,
928 364 1105 448 publicatio
1124 365 1293 450 bonorum,
1316 360 1388 431 exi-⁸

217 452 312 535 lium,
339 474 425 518 mors
453 457 694 536 proponeretur,
721 453 801 517 haec
823 453 963 537 perpeti,
991 453 1019 517 si
1047 453 1240 537 acciderent,
1268 454 1384 520 maluit

218 563 316 625 quam
339 540 517 606 custodiam
539 542 604 606 mei
627 542 743 626 capitis
767 541 938 607 dimittere.
974 539 1073 607 Cuius
1097 562 1157 627 ego
1180 547 1213 606 et
1235 545 1381 626 parentis

218 630 296 712 eius,
323 629 565 714 prudentissimi
594 634 691 715 atque
715 631 829 714 optimi
853 630 948 714 senis,
971 636 1004 695 et
1027 630 1135 695 fratris
1159 634 1192 696 et
1213 631 1382 717 utriusque

217 718 358 783 filiorum
386 720 536 784 manibus
563 719 599 783 in
625 720 701 784 navi
728 723 799 783 tuta
827 739 864 783 ac
890 718 976 783 fideli
1001 719 1178 785 collocatus
1207 738 1423 805 eorumquae

217 828 327 891 preces
347 811 379 871 et
396 811 474 872 uota
491 808 530 872 de
549 829 619 872 meo
642 807 748 872 reditu
771 807 943 872 exaudiens
961 806 1187 892 Dyrrachium,
1210 809 1294 893 quod
1313 814 1384 875 erat

164 896 254 962 98in
274 895 337 959 fide
359 918 446 979 mea,
467 899 576 979 petere
601 896 762 962 contendi.
799 895 868 971 Quo
887 918 960 960 cum
978 896 1152 977 venissem,
1175 898 1327 982 cognovi,
1349 898 1383 963 id

218 984 304 1068 quod
328 984 503 1065 audieram,
524 984 678 1050 refertam
697 1005 767 1050 esse
787 983 956 1050 Graeciam
980 985 1302 1052 sceleratissimorum
1324 987 1382 1053 ho·

218 1072 342 1137 minum
361 1095 397 1139 ae
416 1072 627 1158 nefariorum,
650 1094 786 1158 quorum
809 1073 944 1157 impium
966 1073 1086 1138 ferrum
1111 1074 1267 1160 ignesque
1284 1077 1381 1159 pesti-

217 1160 304 1226 feros
323 1183 413 1226 meus
432 1162 488 1226 ille
507 1163 694 1226 consulatus
713 1183 730 1225 e
750 1162 899 1226 manibus
919 1165 1111 1247 extorserat3
1134 1164 1188 1247 qui
1206 1167 1379 1249 antequam
1403 1181 1441 1230 10

218 1249 257 1314 de
283 1270 355 1314 meo
383 1249 522 1315 adventu
551 1250 660 1316 audire
688 1251 885 1333 potuissent,
914 1272 986 1316 eum
1013 1251 1203 1316 etiamtum
1231 1252 1382 1317 abessent

219 1337 342 1421 aliquot
364 1337 489 1402 dierum
510 1339 610 1422 viam,
632 1339 667 1402 in
684 1338 909 1405 Macedoniam
933 1340 973 1404 ad
995 1338 1224 1425 Planciumque
1246 1342 1380 1424 perrexi.

217 1424 281 1490 Hie
296 1447 372 1491 vero
393 1426 488 1491 simul
507 1431 604 1512 atque
622 1449 711 1492 mare
730 1449 782 1492 me
800 1428 957 1493 transisse
976 1429 1129 1512 cognovit
1145 1465 1182 1475 —
1200 1429 1287 1511 audi,
1306 1429 1381 1494 audi

219 1519 316 1598 atque
340 1515 483 1593 attende,
511 1514 710 1599 Laterensis,
737 1519 775 1581 ut
800 1517 884 1581 scias
908 1516 985 1601 quid
1008 1538 1068 1602 ego
1092 1517 1224 1582 Plancio
1247 1518 1381 1583 debeam

219 1605 456 1688 confiteareque
475 1604 647 1689 aliquando
665 1626 717 1669 me
736 1604 822 1689 quod
844 1605 962 1671 faciam
980 1609 1013 1670 et
1031 1610 1123 1690 grate
1142 1610 1175 1669 et
1192 1607 1245 1689 pie
1263 1606 1382 1690 faeere3
1403 1621 1437 1670 15

217 1691 307 1776 huie,
340 1714 422 1778 quae
453 1714 512 1776 pro
546 1694 649 1757 salute
681 1715 753 1758 mea
784 1693 898 1759 fecerit
924 1695 952 1758 si
980 1693 1085 1759 minus
1112 1694 1282 1778 profutura
1309 1697 1382 1778 sint,

219 1781 333 1846 obesse
357 1785 443 1846 certe
466 1803 531 1846 non
554 1786 701 1865 oportere
724 1806 780 1847 —t
809 1805 885 1847 nam
913 1783 1009 1847 simul
1032 1804 1070 1847 ac
1092 1804 1143 1847 me
1166 1782 1382 1867 Dyrrachium

219 1869 367 1954 attigisse
390 1869 525 1953 audivit,
553 1871 665 1935 statim
688 1869 728 1935 ad
752 1893 804 1935 me
826 1872 995 1937 lictoribus
1020 1871 1174 1951 dimissis,
1199 1873 1381 1958 insignibus

165 1958 208 2022 99
219 1957 362 2041 abiectis,
382 1961 472 2024 veste
490 1962 615 2024 mutata
637 1958 801 2043 profectus
821 1964 879 2026 est.
916 1959 943 2026 O
963 1962 1113 2025 acerbam
1135 1961 1229 2044 mihi,
1251 1961 1382 2044 iudices,

217 2047 407 2111 memoriam
424 2047 580 2131 temporis
599 2048 686 2113 illius
706 2053 738 2113 et
760 2049 838 2134 loci,
862 2071 934 2115 cum
956 2049 1010 2114 hic
1032 2049 1067 2114 in
1090 2072 1141 2114 me
1159 2050 1285 2132 incidit,
1309 2072 1380 2116 cum
1400 2063 1436 2112 2ο

216 2137 400 2219 complexus
424 2140 475 2201 est
497 2137 738 2222 conspersitque
765 2139 909 2203 lacrimis
936 2159 995 2202 nec
1018 2138 1109 2222 loqui
1136 2160 1212 2224 prae
1236 2161 1381 2204 maerore

215 2225 337 2308 potuit!
379 2223 406 2290 Ο
433 2246 501 2289 rem
528 2247 600 2290 cum
629 2226 741 2290 auditu
769 2226 930 2290 crudelem
960 2230 1030 2290 tum
1057 2228 1130 2291 uisu
1157 2227 1329 2292 nefariaml
1362 2249 1381 2292 o

215 2313 359 2397 reliquos
378 2335 490 2379 omnes
514 2314 582 2379 dies
605 2318 779 2399 noctesque
798 2335 861 2398 eas,
885 2313 999 2398 quibus
1023 2314 1085 2377 iste
1105 2336 1124 2378 a
1143 2337 1194 2379 me
1211 2337 1277 2380 non
1296 2336 1381 2380 reee-

216 2401 295 2465 dens
314 2401 579 2469 Thessalonicam
602 2425 654 2467 me
676 2403 710 2467 in
734 2401 1017 2487 quaestoriumque
1039 2402 1201 2484 perduxit!
1238 2403 1301 2467 Hic
1321 2425 1381 2488 ego

216 2511 300 2554 nunc
320 2490 359 2555 de
381 2497 530 2573 praetore
549 2490 756 2556 Macedoniae
780 2489 861 2553 nihil
884 2489 989 2554 dicam
1012 2489 1149 2572 amplius
1172 2489 1236 2554 nisi
1255 2511 1327 2553 eum
1347 2493 1381 2553 et
1400 2506 1438 2555 25

216 2680 333 2750 hospitii
356 2685 383 2736 et
409 2683 548 2739 amicitiae
570 2681 614 2736 ius
637 2680 771 2735 officium-
825 2679 964 2735 struktion
991 2680 1040 2736 des
1066 2681 1253 2749 Hauptsataes
1280 2681 1382 2736 wieder

216 2769 270 2821 que
293 2755 456 2822 praestaret.
493 2755 530 2807 Er
549 2769 607 2806 war
630 2751 702 2807 auch
725 2752 770 2806 ein
825 2750 937 2807 zurdclr.

217 2823 327 2879 Freund
348 2824 396 2879 des
414 2824 525 2879 Atticus
548 2821 596 2890 (ad
614 2822 673 2877 Att.
693 2828 717 2889 t,
736 2828 771 2876 20
862 2829 903 2878 18.
923 2823 1064 2879 lictoribus
1078 2824 1207 2890 almucia,
1224 2823 1381 2892 iasiaaebas

215 2913 242 2950 u.
257 2901 300 2950 21.
319 2901 344 2964 6,
361 2899 395 2963 1),
413 2896 470 2965 agl.
484 2910 534 2964 pro
550 2892 618 2948 Sest
634 2899 649 2959 ξ
663 2899 722 2948 131.
737 2924 770 2934 -
825 2895 944 2950 abana.
970 2892 1026 2948 Der
1040 2895 1137 2949 Grund
1151 2913 1199 2947 aur
1211 2892 1381 2962 Entlassung

215 2964 246 3019 E
269 2982 320 3021 sao
347 2983 403 3022 com
424 2968 440 3021 l.
464 2996 499 3005 -
526 2965 650 3033 eriperer.
696 2966 772 3020 Ganz
825 2966 875 3020 der
904 2964 1037 3020 Liktoren
1068 2965 1124 3018 und
1152 2963 1300 3046 Ablegung
1331 2965 1382 3019 der

216 2983 546 3107 ahnliehprodestsea.
561 3034 770 3104 proCael.§69.
825 3036 944 3091 Zeichen
967 3036 1056 3091 seiner
1076 3035 1260 3104 Amtsgewalt
1282 3037 1321 3089 1st
1341 3035 1380 3088 im

252 3114 276 3162 1.
295 3109 383 3163 amaia
400 3113 485 3161 metas
500 3104 771 3176 ‘Einsehdehterung
825 3106 986 3176 Folgenden
995 3106 1130 3176 gegeben.
1147 3106 1185 3159 Er
1194 3107 1254 3176 legt
1264 3105 1381 3161 Treuer-

216 3178 286 3233 aller
299 3178 372 3233 Art'.
388 3207 421 3217 -
435 3176 487 3231 Die
501 3174 579 3259 publ.
588 3175 653 3230 bon.
666 3195 693 3231 u.
704 3195 726 3231 s.
736 3196 770 3232 w.
825 3177 959 3246 gewande
973 3192 1008 3230 an
1026 3177 1056 3230 in
1070 3175 1232 3232 Teilnahms
1250 3176 1303 3230 mit
1316 3178 1381 3231 dem

216 3249 303 3304 durch
317 3249 361 3303 die
376 3249 421 3302 lex
435 3247 533 3302 Olodra
550 3248 638 3301 nennt
652 3247 707 3302 Cic.
720 3264 771 3316 pro
825 3247 970 3316 Unglfiche
990 3247 1113 3317 Ciceros,
1136 3248 1200 3302 dem
1219 3264 1249 3302 er
1271 3248 1313 3302 als
1331 3247 1385 3309 be:

216 3319 287 3376 Sest.
302 3325 317 3385 ξ
331 3325 375 3374 46.
391 3323 451 3373 133.
474 3318 509 3372 de
523 3335 600 3388 prov.
614 3334 688 3373 cons.
703 3323 770 3385 545.
825 3316 984 3372 freundeter
1010 3316 1204 3386 Privatmann‚
1231 3317 1310 3372 nicht
1337 3319 1381 3373 als

215 3392 245 3445 in
262 3389 317 3444 Pis.
336 3394 400 3455 §80
418 3388 481 3444 eine
498 3387 675 3459 proscriptio.
825 3389 955 3443 Beamter
974 3390 1183 3459 entgegentritt
1220 3389 1309 3444 Unter
1326 3390 1381 3443 den

251 3465 275 3515 6.
293 3461 441 3515 murdim
456 3460 676 3529 ‘heraushoren’,
694 3465 771 3514 nam-
826 3460 966 3528 Insignien
981 3460 1018 3515 ist
1032 3458 1078 3514 die
1095 3462 1165 3530 toga
1182 3461 1328 3530 praetexta
1346 3479 1381 3514 zu

213 3530 272 3586 lieh
294 3548 345 3585 aus
364 3529 413 3585 der
430 3531 519 3586 Fame
538 3531 564 3585 d.
579 3530 598 3585 i.
617 3531 664 3586 bei
682 3532 771 3587 seiner
825 3530 981 3588 verstehen.
1124 3571 1126 3576 .

213 3600 336 3656 Abfahrt
354 3617 408 3656 von
424 3602 527 3658 Brund.
543 3634 575 3643 -
590 3589 664 3657 Uber
678 3619 771 3672 preces
861 3607 903 3656 22.
922 3619 977 3656 rem
993 3632 1027 3642 -
1042 3602 1174 3656 crudelem
1188 3632 1221 3641 -
1236 3602 1381 3669 acfariam.
1482 3674 1484 3677 Ι

213 3678 239 3728 et
256 3677 319 3728 cota
337 3690 359 3729 s.
378 3691 411 3728 zu
429 3679 444 3739 ς
459 3680 501 3729 51.
826 3671 883 3729 Cic.
899 3674 1006 3742 spricht
1022 3688 1078 3726 von
1096 3672 1146 3726 der
1163 3671 1306 3741 traurigen
1324 3673 1381 3725 und

250 3750 274 3799 8.
304 3746 460 3813 audieram,
486 3761 584 3800 wovon
609 3743 657 3799 ich
684 3744 772 3799 sehon
824 3742 1277 3814 nichtswfirdigenVeranlassung
1291 3744 1381 3799 seiner

214 3815 302 3870 durch
316 3817 496 3886 Hdrensagen
512 3813 690 3884 wulstanus
707 3821 769 3882 1,1.
825 3815 1021 3881 Verbannung.

250 3892 275 3940 9.
310 3888 415 3953 ferram
455 3888 581 3957 iaacsqae
614 3886 772 4008 pestiferos,
861 3890 903 3940 24.
936 3885 1133 3955 quaestoriam,
1170 3883 1296 3954 gebildet
1327 3884 1380 3938 wie

214 3958 328 4011 Morden
342 3955 537 4013 undBrsnnen
550 3959 611 4012 stan
643 3957 771 4012 inerster
844 3956 1008 4022 raetorium,
1035 3955 1083 4010 das
1106 3955 1314 4026 Amtsgebtude
1336 3955 1380 4009 fdr

214 4026 292 4083 ninia
306 4029 357 4082 auf
368 4029 431 4082 dem
443 4028 622 4098 Programme
637 4026 686 4081 der
696 4026 771 4082 Cati·
824 3975 878 4081 den
889 4026 1007 4092 Qutstor
1017 4026 1191 4082 derProvinz
1201 4027 1270 4095 (Liv.
1279 4029 1380 4095 10‚32).

213 4099 336 4168 linarias,
355 4099 442 4154 daher
460 4097 570 4154 Ciceros
590 4097 770 4153 formelhalte
860 4103 903 4154 25.
931 4100 964 4152 de
989 4104 1077 4168 praet.
1102 4097 1290 4153 Macedoniae.
1326 4094 1382 4150 Ge-

214 4169 378 4226 Ausdrsrcke
396 4170 509 4224 flamma
526 4172 556 4224 et
572 4169 690 4237 ferrum,
708 4186 770 4224 cae·
824 4169 914 4223 meint
940 4168 978 4223 ist
1000 4169 1029 4224 L.
1050 4172 1073 4222 A
1094 4166 1183 4223 uleius
1207 4167 1381 4236 Saturninus,

214 4243 263 4296 des
282 4242 310 4295 et
329 4238 493 4297 incendium
505 4259 532 4295 u.
546 4245 571 4295 2.
824 4240 874 4295 der
892 4240 979 4294 Vater
1001 4238 1051 4294 des
1070 4187 1118 4294 dn.
1134 4237 1309 4306 Saturninus,
1331 4238 1381 4293 der

251 4318 292 4368 1⁷.
315 4329 381 4367 nam
403 4312 481 4367 sehet
501 4310 574 4367 nach
592 4311 656 4366 dem
674 4312 770 4380 lange·
824 4311 854 4364 in
877 4310 967 4365 seiner
983 4309 1102 4364 Familie
1125 4310 1182 4364 und
1202 4310 1233 4364 in
1251 4311 1296 4365 die
1314 4309 1381 4364 Pro-

214 4400 264 4439 ren
295 4382 498 4439 Zwischensata
533 4381 584 4438 auf
617 4383 662 4437 die
693 4382 770 4437 Kon-
824 4384 871 4436 tur
893 4381 979 4436 Atina
1001 4383 1092 4436 rueret
1114 4381 1159 4435 die
1183 4379 1254 4436 sella
1276 4380 1379 4435 curulis
