3084 4842
232 176 276 241 30
573 175 644 231 rao
665 173 720 232 cu.
740 173 895 232 11111111
915 175 1056 233 carno.

231 342 294 404 est:
323 339 375 403 sin
401 339 487 403 hunc
510 337 560 402 illi
584 341 757 422 antepono,
785 338 1019 404 contumeliosa
1043 337 1192 404 habenda
1215 344 1266 405 est
1289 341 1406 423 oratio,

231 430 264 492 et
283 426 451 492 dicendum
470 430 520 491 est
540 425 583 509 id,
602 426 687 511 quod
705 426 760 491 ille
781 447 832 491 me
850 426 986 512 flagitat,
1004 426 1214 493 Laterensem
1233 450 1252 492 a
1269 428 1405 496 Plancio

230 514 390 600 dignitate
413 536 484 580 esse
508 519 706 598 superatum.
751 514 804 580 Ita
827 517 884 579 aut
911 516 1101 581 amicissimi
1128 516 1270 583 hominis
1294 518 1404 583 existi·

231 604 332 668 matio
352 602 543 668 offendenda
562 606 621 686 est,
642 603 670 667 11
688 603 780 668 illam
799 604 1015 668 accusationis
1035 603 1258 671 condicionem
1277 627 1403 690 sequar,

231 695 289 755 aut
312 691 433 775 optime
457 692 495 756 de
518 712 570 754 me
593 691 702 755 meriti
726 692 814 755 salus
839 691 1023 757 deserenda.

318 779 377 843 III.
408 777 471 845 Sed
495 799 567 863 ego,
589 778 784 862 Laterensis,
806 800 937 845 caecum
960 801 1011 845 me
1035 782 1068 844 et
1090 780 1302 865 praecipitem
1325 780 1405 845 ferri

231 868 387 932 confitear
410 868 445 932 in
468 889 578 952 causa,
607 867 635 932 si
663 872 720 932 aut
746 872 780 932 te
804 890 824 932 a
846 867 981 933 Plancio
1005 872 1062 933 aut
1086 890 1106 932 a
1128 872 1162 933 te
1185 869 1277 933 illum
1300 868 1404 953 digni·

230 959 298 1020 tate
326 956 473 1040 potuisse
502 957 648 1040 superari
677 956 796 1021 dixero.

841 954 955 1040 Itaque
989 956 1152 1021 discedam
1185 958 1226 1021 ab
1260 978 1298 1021 ea
1329 978 1403 1021 con-

230 1045 387 1128 tentione,
410 1044 450 1109 ad
474 1065 571 1127 quam
595 1047 632 1109 tu
654 1065 706 1109 me
724 1066 833 1127 vocas,
856 1047 889 1109 et
907 1045 1036 1109 veniam
1057 1044 1098 1109 ad
1119 1045 1221 1125 illam,
1245 1044 1404 1129 adquam

201 1141 283 1205 71111
302 1154 401 1198 causa
423 1131 496 1215 ipsa
515 1132 651 1197 deducit.
688 1132 796 1209 Quid?
824 1136 862 1197 tu
885 1133 1137 1218 magistratuum
1160 1132 1330 1220 dignitatis
1355 1134 1401 1197 iu·
1423 1149 1460 1201 10

230 1219 332 1284 dicem
350 1223 448 1304 putas
467 1242 537 1285 esse
556 1220 737 1305 populum?
765 1220 918 1285 Fortasse
936 1242 1168 1306 nonnunquam
1184 1224 1242 1286 est.
1267 1219 1403 1286 Utinam

229 1329 307 1373 vero
331 1329 459 1392 semper
481 1310 580 1373 esset!
622 1306 684 1374 Sed
708 1312 758 1373 est
786 1330 928 1393 perraro,
956 1313 989 1374 et
1012 1310 1039 1373 si
1063 1309 1191 1394 quando
1214 1314 1276 1387 est,
1305 1309 1340 1374 in
1362 1309 1403 1375 111

230 1395 478 1482 magistratibus
503 1400 553 1461 est
578 1396 785 1474 mandandis,
813 1397 929 1481 quibus
958 1398 1098 1462 salntem
1126 1420 1217 1463 suam
1241 1398 1403 1463 committi

229 1487 337 1568 putat:
369 1484 420 1550 his
450 1485 626 1550 levioribus
655 1486 795 1551 comitiis
824 1485 996 1571 diligentia
1024 1490 1057 1551 et
1086 1486 1193 1571 gratia
1224 1486 1402 1569 petitorum

228 1573 333 1639 honos
360 1574 499 1657 paritur,
526 1596 592 1640 uon
618 1575 659 1638 iis
683 1573 897 1653 ornamentis,
925 1596 1007 1659 quae
1031 1595 1101 1638 esse
1128 1574 1163 1638 in
1189 1574 1456 1640 tevidemus.15

228 1660 315 1727 Nam
344 1662 429 1747 quod
462 1662 503 1727 ad
535 1663 691 1747 populum
722 1663 879 1747 pertinet,
911 1684 1038 1746 semper
1069 1662 1240 1747 dignitatis
1271 1663 1402 1747 iniquus

228 1750 324 1815 iudex
343 1754 401 1834 est,
425 1751 482 1834 qui
500 1755 557 1816 aut
574 1752 696 1816 invidet
720 1755 778 1816 aut
799 1751 901 1816 favet:
926 1772 1123 1835 quamquam
1145 1749 1226 1815 nihil
1250 1754 1344 1834 potes
1367 1751 1401 1815 in

227 1841 270 1919 te,
292 1837 486 1922 Laterensis,
510 1840 716 1922 constituere,
739 1840 825 1922 quod
843 1840 887 1905 sit
905 1840 1072 1923 proprium
1090 1838 1197 1904 laudis
1215 1842 1300 1924 tuae,
1323 1839 1401 1923 quin

197 1925 261 1999 8id
283 1926 345 1989 tibi
368 1926 410 1990 sit
433 1948 602 1991 commune
626 1950 698 1992 cum
717 1928 859 1993 Plancio.
898 1925 961 1992 Sed
983 1928 1046 1993 hoc
1068 1931 1175 1992 totum
1198 1931 1314 2012 agetur
1333 1928 1398 1993 alio

227 2014 312 2079 loco:
345 2034 431 2078 nunc
458 2017 585 2079 tantum
613 2015 744 2099 disputo
767 2016 807 2080 de
833 2016 903 2081 iure
929 2016 1059 2101 populi,
1086 2016 1142 2099 qui
1171 2018 1203 2080 et
1231 2019 1342 2099 potest
1364 2020 1397 2081 et
1415 2033 1454 2083 20

228 2102 313 2166 solet
340 2123 576 2186 nonnunquam
605 2102 719 2188 dignos
747 2105 937 2188 praeterire,
968 2125 1027 2169 nec
1055 2105 1083 2170 si
1114 2126 1134 2168 a
1161 2104 1281 2188 populo
1309 2126 1400 2189 prae·

227 2190 345 2255 teritus
370 2195 428 2274 est,
452 2213 547 2275 quem
570 2213 637 2256 non
660 2193 814 2276 oportuit,
836 2214 856 2256 a
878 2192 1038 2257 iudicibus
1058 2192 1321 2257 condemnandus
1341 2197 1399 2276 est,

225 2381 299 2420 zwar
322 2364 395 2419 muse
417 2364 474 2420 ioh
497 2365 536 2419 sie
559 2365 712 2436 autgeben,
735 2368 785 2421 der

225 2435 272 2489 ich
291 2436 379 2490 durch
401 2437 492 2491 maine
511 2435 717 2507 Verteidigung
735 2438 785 2493 dee

225 2505 356 2560 Plancius
365 2506 404 2562 sie
412 2505 680 2563 diesemzusichern
690 2508 783 2566 suche.

225 2579 251 2646 (5
270 2582 304 2632 29
328 2576 377 2644 qui
403 2577 474 2632 mihi
496 2578 526 2632 in
548 2578 630 2633 huius
657 2579 784 2649 periculo

225 2661 289 2701 reus
308 2664 368 2702 esse
387 2646 502 2714 videor.)

259 2722 285 2772 4.
317 2719 394 2773 illam
422 2735 510 2774 accos.
534 2721 637 2775 condic.
662 2736 783 2791 aequor:

224 2806 305 2845 wenn
323 2789 370 2844 ich
389 2789 440 2844 auf
454 2790 519 2860 jone
533 2807 589 2846 von
602 2791 693 2847 Later.
709 2810 784 2847 vor-

224 2859 783 2988 gesclzrlaggneodierbgliglgateWsise

244 2950 288 2985 .1.
329 2948 468 3000 umuung
511 2949 540 2986 er
583 2950 601 2986 n
652 2949 687 3002 ge
711 2950 783 2988 1111-

247 3001 316 3055 ehe.

223 3017 243 3068 g
260 3076 283 3126 6.
295 3087 402 3126 coeccm
411 3076 437 3125 et
442 3073 629 3141 praecpitem.
645 3071 783 3142 'Propisch

223 3140 273 3194 auf
289 3142 344 3194 den
363 3141 442 3195 Geist
459 3142 593 3211 haegen,
613 3143 782 3198 bezeichnen

223 3211 304 3266 beide
316 3211 646 3281 1111.(11111111111111111111
659 3231 685 3267 u.
696 3200 781 3268 Uber-

223 3281 326 3352 eilung.
363 3281 449 3336 Beide
472 3282 534 3336 sind
558 3283 645 3338 daher
664 3283 706 3339 oft
727 3284 782 3340 mit

222 3369 317 3408 amens
331 3352 500 3420 verbunden,
519 3370 550 3408 so
564 3370 615 3422 pro
630 3354 779 3422 Sest517.

221 3423 279 3477 und
297 3422 350 3478 mit
368 3423 481 3478 demens
500 3425 567 3479 oder
583 3426 756 3482 temerarius.

257 3500 281 3549 7.
305 3496 398 3549 aaut
420 3500 445 3550 tc
463 3495 529 3562 ete,
548 3496 605 3565 vgl.
624 3497 694 3551 Mur.
714 3503 779 3564 515

219 3565 300 3634 paria
316 3581 454 3636 cognosco
472 3582 532 3620 esse
550 3565 608 3620 ista
624 3567 654 3621 in
673 3569 703 3624 1..
718 3567 778 3622 Mu-

219 3652 288 3691 rena
302 3639 387 3704 atque
400 3634 442 3692 ita
455 3637 542 3706 paria,
561 3639 594 3692 ut
611 3654 702 3707 neque
717 3640 777 3709 ipse

219 3708 355 3777 dignitate
373 3724 391 3762 a
408 3708 437 3762 te
455 3709 531 3763 cinci
547 3711 669 3776 potuerit
687 3728 777 3780 neque

218 3781 247 3833 te
266 3777 405 3849 dignitate
423 3777 571 3847 superarit.

218 3921 231 3972 t
255 3855 279 3904 8.
304 3851 405 3919 Itaque
428 3850 494 3904 disc.
523 3848 607 3904 Form
631 3850 777 3920 (11111111-

232 3920 321 3977 aritio.

254 3996 279 4046 9.
303 3992 340 4046 ad
361 3992 452 4057 illam,
476 4007 527 4048 sa:
551 4006 607 4059 qua
629 4007 684 4045 nou
709 3991 777 4059 quid

217 4063 335 4131 uterque
354 4060 459 4117 virtute
478 4063 585 4129 valeat,
607 4061 657 4115 sed
675 4062 776 4130 quihus

217 4134 300 4188 rebus
314 4133 343 4186 in
354 4133 475 4189 comitiis
489 4131 626 4188 aediliciis
637 4148 776 4187 commen-

217 4204 299 4260 datus
317 4202 367 4272 sit,
387 4204 560 4273 disceptetur
578 4201 727 4272 (Anhang).

216 4344 231 4399 f
254 4282 295 4333 10.
316 4275 390 4346 Quid
408 4275 581 4331 rhetorische
598 4262 776 4343 1111131131-

228 4362 296 4401 orm.

875 2370 917 2420 12.
936 2366 968 2420 ia
985 2366 1023 2420 iis
1040 2367 1192 2435 magistrat.
1218 2364 1348 2421 Gedacht
1361 2365 1400 2421 ist

838 2452 874 2490 an
893 2435 1174 2491 dasVolhetribunat
1192 2441 1270 2505 513,
1293 2454 1329 2491 an
1352 2436 1398 2491 die

838 2506 939 2561 Pratur
957 2508 1014 2561 und
1033 2506 1083 2561 das
1097 2506 1243 2562 Konsulat.
1273 2505 1325 2562 Die
1344 2508 1398 2564 lev.

838 2594 908 2633 com.
923 2578 985 2632 sind
1000 2577 1054 2645 die,
1070 2577 1101 2631 in
1118 2578 1208 2632 denen
1221 2577 1338 2633 Beamte
1351 2594 1398 2648 ge·

837 2647 1398 2774 ringerleirssgdffirtungelrwahlltwerden,

836 2736 890 2773 wie
950 2737 965 2774 s
1061 2737 1108 2786 en,
1141 2736 1202 2775 aso
1252 2737 1295 2774 111
1326 2736 1396 2776 com.

838 2789 977 2845 aedilicia.

875 2866 916 2915 14.
935 2860 1081 2930 diligentia
1095 2858 1140 2913 die
1150 2859 1345 2915 Beflissenheit
1357 2861 1396 2914 im

837 2931 959 2985 Werben
981 2949 1029 2984 um
1054 2930 1098 2984 die
1122 2928 1212 2985 Gunst
1238 2931 1396 2998 salutando,

836 3001 970 3071 rogando,
989 3001 1182 3070 supplicando.

873 3078 914 3127 18.
931 3073 1079 3141 propriam
1097 3072 1172 3126 laad.
1189 3075 1263 3135 tuce,
1280 3085 1338 3125 was
1357 3070 1396 3126 du

836 3140 924 3196 durch
957 3143 1068 3213 eigenes
1099 3139 1249 3195 Verdienst
1280 3140 1324 3194 dir
1355 3157 1393 3196 an

834 3212 928 3268 ltuhm
946 3229 1109 3284 gewonnen.

872 3290 913 3340 19.
932 3285 987 3340 Sed
1001 3315 1034 3324 -
1049 3298 1132 3349 ocae,
1150 3281 1235 3335 Form
1248 3280 1298 3336 der
1314 3297 1393 3337 revo-

834 3354 917 3410 catio.

870 3427 926 3481 alio
944 3427 1009 3481 loco.
1037 3441 1080 3493 cp.
1100 3429 1124 3479 8.
1145 3429 1168 3478 9.

869 3502 912 3551 21.
931 3513 979 3552 nec
997 3497 1030 3551 si.
1054 3495 1147 3563 „denn
1161 3494 1263 3549 daraus
1282 3491 1343 3547 dass
1358 3523 1393 3533 —

832 3567 925 3636 folgt
947 3568 1034 3622 noch
1055 3582 1117 3635 gar
1135 3565 1244 3632 nicht,
1264 3562 1324 3619 dass
1343 3563 1393 3619 der

830 3626 1392 3708 nichtilbergangeneverurteiltwerde.“

831 3706 895 3778 Vgl.
913 3708 947 3764 de
964 3711 1022 3763 nat.
1037 3708 1218 3772 deor.1521
1237 3720 1294 3760 non
1309 3702 1392 3773 enim,

832 3779 855 3834 si
874 3779 993 3834 mundus
1011 3778 1105 3834 nullus
1120 3779 1190 3842 erat,
1209 3774 1321 3831 saecula
1334 3791 1391 3830 non

831 3852 919 3906 erant
949 3848 1132 3904 Gewdhnlich
1147 3846 1218 3901 wird
1233 3845 1391 3926 (11θῖ1131-

830 3937 903 3990 rung
921 3920 1084 3991 eingeleitet
1101 3917 1155 3973 mit
1177 3917 1293 3984 idcirco,
1316 3915 1389 3994 rdeo,

829 3986 1391 4137 11111111111111111111

829 4133 970 4254 gretiana,
1004 4134 1102 4188 statim
1134 4129 1296 4200 (Anhang).
1331 4127 1391 4209 ,uu

849 4202 926 4258 iesen
940 4203 1071 4258 Formeln
1086 4204 1176 4257 warnt
1193 4200 1243 4254 der
1257 4201 1390 4254 Laterner

829 4289 880 4328 vor
898 4274 989 4329 einem
1007 4274 1163 4343 voreiligen
1182 4270 1303 4325 Sehluss.

865 4349 907 4401 22.
922 4363 941 4401 a
953 4345 1093 4401 iudicibus
1106 4341 1327 4401 cmcdcmauadas
1341 4344 1389 4407 est,
