3084 4842
218 204 265 267 ’16
569 205 641 259 PRO
661 204 717 259 CN.
737 202 896 258 PLANCIO
917 201 1061 257 ORATIO.

221 366 329 449 potuit
357 366 511 449 amplius,
539 366 568 430 si
595 365 631 429 L.
658 364 781 429 Brutus
811 368 910 448 esset,
943 365 999 448 qui
1031 364 1194 429 civitatem
1227 364 1395 431 dominatu

221 453 311 537 regio
339 453 526 518 liberavit?
565 452 697 518 Honore
731 453 816 517 nihil
844 453 999 536 amplius,
1031 453 1125 517 laude
1148 453 1297 518 multum.
1344 453 1396 519 Sic

221 542 322 627 igitur
349 540 501 607 Plancius
528 542 631 607 nihilo
660 542 766 606 minus
796 546 947 626 quaestor
976 545 1027 606 est
1054 540 1160 606 factus
1188 545 1220 605 et
1247 543 1396 608 tribunus

221 630 326 714 plebis
351 633 384 692 et
413 630 540 711 aedilis,
563 652 661 715 quam
685 631 713 694 si
736 633 823 694 esset
846 651 973 694 summo
997 630 1068 694 loco
1096 633 1208 714 natus,
1236 631 1292 694 sed
1318 631 1398 696 haec

169 724 210 787 61
222 719 294 803 pari
307 718 378 783 loco
399 720 463 783 orti
482 723 558 783 sunt
575 718 828 783 innumerabiles
847 718 904 782 alii
922 718 1095 782 consecuti.
1136 716 1268 783 Profers
1282 720 1397 783 trium·
1417 736 1434 784 6

223 806 306 891 phos
331 805 367 872 T.
389 807 479 871 Didii
502 812 535 872 et
558 805 594 871 Ο.
616 808 722 884 Marii,
746 811 779 870 et
802 806 941 891 quaeris,
966 806 1044 890 quid
1068 806 1174 870 simile
1197 807 1231 871 in
1254 805 1398 872 Plancio.

223 893 323 970 Quasi
356 917 433 960 vero
470 896 540 979 isti,
577 918 658 981 quos
691 917 941 978 commemoras,
977 898 1149 978 propterea
1186 896 1398 980 magistratus
1447 960 1449 964 .

223 984 381 1068 ceperint,
409 984 494 1068 quod
522 984 768 1069 triumpharint,
797 987 830 1047 et
853 1005 934 1067 non,
962 983 1037 1067 quia
1066 984 1231 1048 commissi
1259 989 1335 1049 sunt
1357 985 1398 1049 iis

223 1073 447 1157 magistratus,
470 1074 505 1136 in
528 1074 645 1157 quibus
668 1095 704 1138 re
726 1073 808 1136 bene
831 1074 926 1156 gesta
948 1071 1203 1155 triumpharent,
1226 1078 1400 1157 propterea

222 1161 465 1244 triumpharint.
515 1161 626 1246 Rogas
660 1183 743 1245 quae
776 1163 884 1225 castra
918 1159 1052 1243 viderit3
1085 1160 1140 1244 qui
1172 1165 1205 1224 et
1238 1162 1331 1225 miles
1364 1162 1400 1226 in
1418 1177 1452 1226 10

224 1246 321 1313 Creta
340 1248 402 1314 hoo
417 1250 614 1332 imperatore
637 1253 670 1313 et
689 1249 840 1313 tribunus
864 1248 1008 1312 militum
1031 1250 1066 1312 in
1085 1247 1276 1313 Macedonia
1299 1249 1398 1313 fuerit

223 1341 256 1400 et
280 1342 433 1420 quaestor
456 1340 583 1401 tantum
608 1360 703 1401 exre
730 1337 867 1401 militari
895 1336 1074 1401 detraxerit
1097 1338 1269 1419 temporis,
1296 1359 1398 1421 quan·

169 1428 294 1495 crtum
321 1426 356 1488 in
378 1447 430 1489 me
459 1426 706 1491 custodiendum
729 1425 905 1491 transferre
936 1426 1097 1490 maluerit.
1147 1423 1292 1508 Quaeris,
1319 1447 1399 1489 num

222 1512 361 1577 disertus
388 1512 452 1578 sit?
484 1513 600 1592 immo,
631 1515 665 1578 id
694 1515 780 1598 quod
809 1513 984 1579 seeundum
1013 1517 1077 1592 est,
1107 1535 1149 1577 ne
1177 1513 1241 1577 sibi
1269 1514 1399 1598 quidem

219 1601 355 1666 videtur.
400 1601 488 1667 Num
515 1604 596 1666 iuris
624 1602 815 1667 consultus?
844 1602 937 1686 quasi
961 1602 1134 1685 quisquam
1163 1601 1220 1686 sit,
1249 1603 1304 1687 qui
1335 1603 1398 1667 sibi
1420 1617 1452 1666 16
1523 1638 1533 1655 ·

217 1689 303 1755 hunc
331 1690 451 1755 falsum
480 1692 519 1755 de
547 1692 615 1755 iure
651 1692 856 1774 respondisse
889 1690 986 1754 dicat.
1037 1688 1156 1755 Omnes
1185 1690 1271 1754 enim
1303 1691 1398 1755 istius

219 1778 309 1843 modi
332 1783 420 1843 artes
443 1779 478 1842 in
501 1780 541 1843 iis
562 1780 850 1863 reprehenduntur,
875 1779 931 1863 qui
955 1800 1027 1843 enm
1046 1777 1184 1861 professi
1207 1784 1292 1862 sunt,
1316 1779 1396 1843 satis

218 1865 326 1931 facere
348 1888 415 1934 non
437 1872 591 1951 possunt,
615 1890 680 1932 non
703 1869 738 1932 in
761 1869 816 1952 iis,
839 1869 895 1952 qui
919 1889 953 1930 se
977 1866 1098 1931 afuisse
1121 1867 1162 1931 ab
1185 1866 1259 1931 istis
1283 1868 1397 1932 studiis

220 1955 423 2021 confitentur.
469 1955 592 2035 Virtus,
617 1956 774 2040 probitas,
798 1956 971 2042 integritas
991 1955 1026 2019 in
1044 1954 1226 2037 candidato,
1248 1977 1315 2020 non
1338 1956 1397 2019 lin·

218 2145 271 2199 auf
290 2146 345 2200 den
363 2146 475 2228 Anfeng
497 2162 552 2202 von
575 2153 640 2212 §60
664 2146 782 2212 Quaeris
837 2147 917 2214 quasi
940 2163 992 2215 ego
1012 2146 1105 2201 dicam
1129 2163 1176 2202 661
1201 2150 1327 2202 mortuos
1351 2145 1400 2216 qni

219 2231 242 2270 c.
257 2218 369 2271 nurficlr.
384 2248 420 2257 -
433 2217 485 2271 Die
500 2217 590 2288 Frage
605 2219 654 2273 161
668 2218 781 2273 Cassius
835 2217 897 2272 nati
910 2233 966 2271 non
981 2219 1059 2285 sunt,
1079 2219 1108 2272 et
1121 2234 1178 2273 non
1198 2219 1309 2288 eosqui
1326 2236 1399 2273 mor·

218 2287 288 2355 geht
306 2287 349 2342 bis
368 2287 508 2342 liberavit
835 2287 879 2342 tui
894 2290 967 2343 sunt.
993 2287 1053 2343 Isiu.
1070 2294 1113 2357 10,
1127 2295 1152 2342 8.
1172 2290 1308 2356 tanquam
1326 2289 1399 2344 inte-

254 2362 279 2412 5.
298 2364 363 2414 auat
377 2359 590 2428 eingesehoben,
604 2378 652 2413 um
667 2358 713 2414 die
723 2360 781 2430 Ap·
836 2375 887 2428 gra
901 2358 939 2413 sit
953 2374 1039 2412 eausa
1055 2360 1084 2412 et
1099 2375 1156 2412 non
1173 2359 1229 2412 iam
1244 2359 1398 2429 111161161-

217 2428 342 2499 position
368 2430 423 2484 orti
450 2447 515 2485 vom
541 2429 720 2502 Satzsubjekt
747 2450 781 2485 zu
836 2427 1054 2483 sione—simus
1070 2427 1229 2483 sacerdotii.
1245 2459 1278 2469 -
1293 2430 1399 2484 Etaoa

218 2506 337 2555 trennen
373 2502 431 2555 und
467 2501 513 2555 die
545 2501 713 2557 Unklarheit
747 2521 782 2556 zu
836 2499 919 2568 (auch
942 2515 974 2553 ac
999 2499 1066 2567 non)
1090 2525 1125 2543 =
1146 2499 1203 2553 und
1227 2499 1307 2553 nicht
1329 2499 1399 2554 viel-

218 2569 343 2639 meiden,
370 2572 476 2626 welche
496 2573 585 2627 durch
603 2574 652 2628 dae
671 2573 783 2628 Zusam·
837 2571 931 2638 mehr,
957 2569 1035 2624 steht
1059 2571 1129 2624 stete
1152 2567 1346 2639 horrigierend
1370 2570 1400 2625 in

218 2643 713 2712 mentretender3Adjelrtivformen
728 2644 784 2698 orti
838 2641 894 2696 den
919 2641 981 2696 eine
1003 2640 1171 2712 Bedingung
1198 2640 1400 2696 euthaltenden

217 2712 437 2768 innumerabiles
454 2712 505 2767 alii
518 2715 666 2770 entstehen
676 2716 782 2771 wurde.
839 2712 947 2767 Sataen.

254 2796 331 2857 sei
364 2793 392 2861 a)
414 2791 577 2862 bemangelt
599 2793 712 2848 Cassius
737 2794 784 2850 uie
876 2789 917 2866 11,
945 2785 994 2838 eoa
1020 2781 1255 2865 impactam.
1282 2781 1399 2837 Metello

218 2862 423 2917 militarischen
437 2861 603 2919 Verdienste
622 2865 671 2919 161
685 2863 784 2922 Plane.
839 2854 957 2910 Crelwo·
976 2855 1032 2923 vgl.
1054 2860 1096 2923 11,
1116 2862 1159 2910 27.
1180 2852 1254 2908 Ernl.
1273 2858 1328 2918 §5.

255 2949 279 2997 6.
302 2943 331 2997 r.
346 2942 631 2999 1166661611.
665 2943 695 3001 1..
715 2944 781 2999 ca-
874 2939 947 2999 §62
984 2938 1012 3002 3)
1039 2934 1116 3003 frast
1134 2932 1260 3001 carrus,
1290 2933 1325 3014 ob
1350 2932 1398 2987 cn.

220 3013 277 3065 sius
295 3013 376 3066 hatte
394 3030 431 3067 an
454 3013 529 3067 seina
548 3014 651 3083 Frage,
677 3016 713 3068 ob
732 3015 781 3071 cn,
836 3004 876 3058 Pl
897 3006 986 3058 etwas
1004 3005 1084 3057 mehr
1101 3004 1314 3058 Beredsamkert
1332 3004 1400 3085 oder

218 3071 782 3139 1116661161666666161111116
835 3072 1074 3127 Rechtskenntnis
1106 3073 1149 3126 ars
1182 3073 1244 3127 nac.
1281 3072 1396 3153 11611111,

219 3152 370 3207 besonclers
386 3152 545 3220 bereehtigt
563 3153 716 3217 erscheine,
735 3153 782 3207 die
835 3142 969 3196 W⁰d1110h
1011 3157 1041 3194 er
1076 3142 1157 3196 mehr
1193 3159 1242 3223 zur
1277 3140 1398 3196 Adlllfflt

219 3223 342 3278 aweite
356 3221 582 3291 angeschlossen,
597 3223 633 3276 ob
648 3222 781 3277 ersolehe
835 3209 997 3279 ΘΙ11111οῙ111111
1014 3215 1098 3278 11116,
1118 3212 1159 3265 21⁸
1179 3211 1278 3265 1116861·

219 3294 371 3363 Triumphe
378 3290 709 3359 aufzuweisenhabe‚wie
716 3292 780 3347 Did.
872 3295 914 3346 14.
933 3290 1089 3344 secandum.
1126 3289 1162 3344 Es
1181 3295 1255 3344 ware
1274 3290 1320 3345 ein
1330 3290 1399 3346 Ver-

219 3384 246 3419 n.
261 3365 341 3431 Mar,
359 3382 407 3417 um
426 3362 511 3417 deren
525 3362 621 3417 willan
639 3361 684 3416 die
694 3361 782 3417 Wahl
835 3359 938 3428 dienst,
957 3376 1038 3414 wenn
1052 3357 1397 3428 011.Ρ1.1116111111116;

219 3435 295 3490 eines
315 3434 500 3490 norushomo
518 3452 552 3487 zu
567 3432 781 3502 entsehuldigen
835 3431 873 3485 da
893 3449 923 3486 er
945 3447 974 3486 es
998 3432 1079 3485 nicht
1100 3432 1152 3497 ist,
1176 3447 1207 3485 so
1230 3431 1269 3486 ist
1292 3449 1322 3486 es
1346 3433 1397 3488 das

220 3506 268 3560 sei.
306 3504 362 3560 Cic.
386 3503 534 3574 widerlegt
557 3503 607 3557 das
632 3502 781 3572 Sophisma
835 3501 1121 3567 ntchsteVerdienst,
1142 3502 1203 3557 1611
1218 3503 1292 3557 erin
1306 3503 1398 3558 seiner

219 3576 284 3631 sehr
301 3576 413 3645 richtig.
439 3606 473 3615 —
501 3574 587 3630 Beide
605 3575 718 3629 werden
737 3575 780 3630 ala
835 3572 1070 3628 Bescheidenheit
1097 3573 1158 3628 aieh
1188 3571 1268 3628 nicht
1292 3574 1398 3629 einmal

219 3646 285 3702 novi
306 3648 381 3702 hom.
410 3645 519 3702 vereint
545 3646 599 3700 mit
622 3645 651 3701 O.
670 3643 781 3700 Caelius
834 3642 991 3699 fflrberedt
1003 3643 1074 3712 halt,
1088 3660 1146 3699 was
1159 3644 1232 3699 doch
1246 3645 1397 3700 sicherlich

219 3718 322 3774 Caldus
337 3720 411 3773 auch
424 3734 476 3787 pro
489 3716 560 3772 Mur.
575 3722 636 3783 §17
655 3719 782 3787 genennt
834 3716 914 3768 nicht
942 3715 997 3769 alle
1024 3716 1108 3783 than,
1141 3714 1187 3770 die
1220 3716 1293 3770 auch
1319 3715 1399 3771 nicht

219 3789 250 3845 T.
270 3788 369 3844 Didius
394 3806 453 3844 war
476 3787 567 3843 neben
592 3787 624 3853 Q.
643 3787 781 3842 Caecilius
835 3786 934 3840 diserti
953 3785 1024 3840 sind.

219 3859 350 3915 Metellus
369 3861 464 3929 Nepos
478 3859 584 3914 Konsnl
606 3876 631 3913 a.
652 3864 703 3914 666
722 3860 780 3928 (98)
872 3857 1125 3912 1616νό666111.
1149 3854 1395 3911 Hatte0.0assius

219 3931 277 3985 und
295 3931 492 4001 triumphierte
507 3929 536 3983 O.
550 3929 665 3984 Valerio
678 3930 780 3983 Flacco
835 3926 895 3983 dies
923 3927 1035 3996 gefragt
1061 3927 1114 3981 mit
1140 3926 1296 3981 Rficksieht
1323 3930 1396 3981 etwa

219 4001 256 4056 M.
278 4002 419 4057 Herennio
438 4001 512 4057 Coss.
533 4016 557 4055 a.
578 4006 629 4055 661
653 4000 710 4069 (93)
729 4015 781 4069 pro
835 3998 887 4051 auf
902 3998 951 4052 (161
965 3997 1027 4053 Lat.
1042 3997 1154 4066 Voraug
1171 3996 1264 4050 hierin
1281 4013 1332 4050 vor
1344 3996 1394 4064 Pl,

221 4072 282 4128 Cos.
302 4087 337 4126 ex
355 4072 493 4142 Hispania
511 4071 546 4125 de
565 4069 721 4126 Celtiberis.
750 4068 779 4125 G.
836 4066 1395 4138 161111661611611161161111,16111111.

220 4143 326 4198 Marius
340 4143 537 4213 triumphierte
552 4142 586 4195 de
601 4141 737 4211 Iugurtha
755 4156 781 4194 a.
835 4156 894 4194 war
911 4139 985 4193 nach
1000 4138 1108 4194 Caelius
1122 4138 1213 4193 Urteil
1225 4138 1302 4208 leges
1316 4137 1396 4206 igno·

220 4220 273 4271 660
291 4216 380 4282 (164),
403 4214 439 4269 de
457 4212 590 4269 Teutonis
613 4212 641 4266 et
660 4211 780 4267 Cimbris
835 4210 1062 4280 1111111111.
1082 4215 1106 4279 8,
1126 4213 1163 4278 8).
1222 4236 1230 4251 ·
1273 4277 1279 4289 ι
1385 4277 1391 4290 ι

220 4287 420 4355 16661161).
871 4286 913 4338 17.
940 4282 1059 4351 professi
1085 4286 1162 4347 sunt,
1190 4296 1228 4334 sc.
1256 4279 1394 4333 eiusmodi

256 4362 281 4411 8.
301 4363 325 4413 et
344 4374 410 4424 noa,
428 4354 648 4412 1160161116.
664 4360 688 4422 1,
707 4359 780 4420 §13-
835 4355 918 4408 artes.
