<?xml version="1.0" encoding="UTF-8"?>
<!DOCTYPE html PUBLIC "-//W3C//DTD XHTML 1.0 Transitional//EN"
    "http://www.w3.org/TR/xhtml1/DTD/xhtml1-transitional.dtd">
<html xmlns="http://www.w3.org/1999/xhtml" xml:lang="en" lang="en">
 <head>
  <title>
</title>
<meta http-equiv="Content-Type" content="text/html;charset=utf-8" />
  <meta name='ocr-system' content='tesseract 3.04.00' />
  <meta name='ocr-capabilities' content='ocr_page ocr_carea ocr_par ocr_line ocrx_word'/>
</head>
<body>
  <div class='ocr_page' id='page_1' title='image "./cicerosredefrcn00landgoog_0062.png"; bbox 0 0 3084 4842; ppageno 0'>
   <div class='ocr_carea' id='block_1_1' title="bbox 566 151 1348 227">
    <p class='ocr_par' dir='ltr' id='par_1_1' title="bbox 566 151 1348 227">
     <span class='ocr_line' id='line_1_1' title="bbox 566 151 1348 227; baseline 0.01 -20"><span class='ocrx_word' id='word_1_1' title='bbox 566 151 644 208; x_wconf 75' lang='lat' dir='ltr'>oar.</span> <span class='ocrx_word' id='word_1_2' title='bbox 665 159 777 227; x_wconf 76' lang='lat' dir='ltr'>ra-re.</span> <span class='ocrx_word' id='word_1_3' title='bbox 815 160 959 220; x_wconf 75' lang='lat' dir='ltr'>§ao-33.</span> <span class='ocrx_word' id='word_1_4' title='bbox 1306 154 1348 218; x_wconf 81' lang='lat'>51</span> 
     </span>
    </p>
   </div>
   <div class='ocr_carea' id='block_1_2' title="bbox 176 313 1349 488">
    <p class='ocr_par' dir='ltr' id='par_1_2' title="bbox 176 313 1349 488">
     <span class='ocr_line' id='line_1_2' title="bbox 176 313 1349 401; baseline 0.003 -24"><span class='ocrx_word' id='word_1_5' title='bbox 176 313 260 378; x_wconf 85' lang='lat' dir='ltr'>dieta</span> <span class='ocrx_word' id='word_1_6' title='bbox 282 314 317 377; x_wconf 94' lang='lat' dir='ltr'>in</span> <span class='ocrx_word' id='word_1_7' title='bbox 341 315 409 378; x_wconf 91' lang='lat' dir='ltr'>eius</span> <span class='ocrx_word' id='word_1_8' title='bbox 432 315 547 398; x_wconf 85' lang='lat' dir='ltr'>vitam,</span> <span class='ocrx_word' id='word_1_9' title='bbox 575 315 613 378; x_wconf 91' lang='lat' dir='ltr'>de</span> <span class='ocrx_word' id='word_1_10' title='bbox 637 316 727 380; x_wconf 87' lang='lat' dir='ltr'>cuius</span> <span class='ocrx_word' id='word_1_11' title='bbox 750 338 809 381; x_wconf 88' lang='lat' dir='ltr'>vos</span> <span class='ocrx_word' id='word_1_12' title='bbox 832 317 955 399; x_wconf 91' lang='lat' dir='ltr'>pudore</span> <span class='ocrx_word' id='word_1_13' title='bbox 978 316 1135 400; x_wconf 73' lang='lat' dir='ltr'>religione</span> <span class='ocrx_word' id='word_1_14' title='bbox 1158 316 1349 401; x_wconf 89' lang='lat' dir='ltr'>integritate</span> 
     </span>
     <span class='ocr_line' id='line_1_3' title="bbox 176 401 1348 488; baseline 0.003 -22"><span class='ocrx_word' id='word_1_15' title='bbox 176 402 340 467; x_wconf 87' lang='lat' dir='ltr'>dubitetis.</span> <span class='ocrx_word' id='word_1_16' title='bbox 382 401 471 467; x_wconf 90' lang='lat' dir='ltr'>XIII.</span> <span class='ocrx_word' id='word_1_17' title='bbox 491 401 600 467; x_wconf 73' lang='lat' dir='ltr'>‘Pater</span> <span class='ocrx_word' id='word_1_18' title='bbox 622 402 721 487; x_wconf 87' lang='lat' dir='ltr'>vero&#39;,</span> <span class='ocrx_word' id='word_1_19' title='bbox 743 404 864 488; x_wconf 84' lang='lat' dir='ltr'>inquit,</span> <span class='ocrx_word' id='word_1_20' title='bbox 882 403 994 467; x_wconf 73' lang='lat' dir='ltr'>‘etiam</span> <span class='ocrx_word' id='word_1_21' title='bbox 1013 405 1127 468; x_wconf 88' lang='lat' dir='ltr'>obesse</span> <span class='ocrx_word' id='word_1_22' title='bbox 1146 404 1213 468; x_wconf 92' lang='lat' dir='ltr'>filio</span> <span class='ocrx_word' id='word_1_23' title='bbox 1232 404 1348 469; x_wconf 87' lang='lat' dir='ltr'>debet&#39;.</span> 
     </span>
    </p>
   </div>
   <div class='ocr_carea' id='block_1_3' title="bbox 48 491 1399 2430">
    <p class='ocr_par' dir='ltr' id='par_1_3' title="bbox 139 491 1349 999">
     <span class='ocr_line' id='line_1_4' title="bbox 176 491 1349 576; baseline 0.001 -21"><span class='ocrx_word' id='word_1_24' title='bbox 176 491 203 555; x_wconf 92' lang='grc' dir='ltr'><strong>Ο</strong></span> <span class='ocrx_word' id='word_1_25' title='bbox 233 512 345 555; x_wconf 82' lang='lat' dir='ltr'>vocem</span> <span class='ocrx_word' id='word_1_26' title='bbox 376 491 489 555; x_wconf 91' lang='lat' dir='ltr'>duram</span> <span class='ocrx_word' id='word_1_27' title='bbox 519 496 616 574; x_wconf 88' lang='lat' dir='ltr'>atque</span> <span class='ocrx_word' id='word_1_28' title='bbox 650 493 816 576; x_wconf 85' lang='lat' dir='ltr'>indignam</span> <span class='ocrx_word' id='word_1_29' title='bbox 851 497 910 556; x_wconf 91' lang='lat' dir='ltr'>tua</span> <span class='ocrx_word' id='word_1_30' title='bbox 943 492 1119 574; x_wconf 76' lang='lat' dir='ltr'>probitate,</span> <span class='ocrx_word' id='word_1_31' title='bbox 1151 491 1349 557; x_wconf 83' lang='lat' dir='ltr'>Laterensis!</span> 
     </span>
     <span class='ocr_line' id='line_1_5' title="bbox 174 578 1349 665; baseline 0.003 -23"><span class='ocrx_word' id='word_1_32' title='bbox 174 578 272 643; x_wconf 89' lang='lat' dir='ltr'>Pater</span> <span class='ocrx_word' id='word_1_33' title='bbox 290 582 327 643; x_wconf 90' lang='lat' dir='ltr'>ut</span> <span class='ocrx_word' id='word_1_34' title='bbox 345 579 379 643; x_wconf 92' lang='lat' dir='ltr'>in</span> <span class='ocrx_word' id='word_1_35' title='bbox 397 579 514 644; x_wconf 91' lang='lat' dir='ltr'>iudicio</span> <span class='ocrx_word' id='word_1_36' title='bbox 534 580 659 662; x_wconf 88' lang='lat' dir='ltr'>capitis,</span> <span class='ocrx_word' id='word_1_37' title='bbox 680 584 775 663; x_wconf 89' lang='lat' dir='ltr'>pater</span> <span class='ocrx_word' id='word_1_38' title='bbox 796 584 833 644; x_wconf 91' lang='lat' dir='ltr'>ut</span> <span class='ocrx_word' id='word_1_39' title='bbox 855 581 890 644; x_wconf 95' lang='lat' dir='ltr'>in</span> <span class='ocrx_word' id='word_1_40' title='bbox 911 580 1118 645; x_wconf 79' lang='lat' dir='ltr'>dimicatione</span> <span class='ocrx_word' id='word_1_41' title='bbox 1135 579 1349 665; x_wconf 83' lang='lat' dir='ltr'>fortunarum,</span> 
     </span>
     <span class='ocr_line' id='line_1_6' title="bbox 139 668 1349 753; baseline 0.002 -21"><span class='ocrx_word' id='word_1_42' title='bbox 139 671 268 749; x_wconf 79' lang='lat' dir='ltr'>apater</span> <span class='ocrx_word' id='word_1_43' title='bbox 298 671 336 731; x_wconf 96' lang='lat' dir='ltr'>ut</span> <span class='ocrx_word' id='word_1_44' title='bbox 368 668 453 750; x_wconf 91' lang='lat' dir='ltr'>apud</span> <span class='ocrx_word' id='word_1_45' title='bbox 485 668 569 732; x_wconf 87' lang='lat' dir='ltr'>tales</span> <span class='ocrx_word' id='word_1_46' title='bbox 597 669 684 733; x_wconf 84' lang='lat' dir='ltr'>viros</span> <span class='ocrx_word' id='word_1_47' title='bbox 713 669 827 734; x_wconf 91' lang='lat' dir='ltr'>obesse</span> <span class='ocrx_word' id='word_1_48' title='bbox 854 669 919 733; x_wconf 91' lang='lat' dir='ltr'>filio</span> <span class='ocrx_word' id='word_1_49' title='bbox 949 668 1085 732; x_wconf 78' lang='lat' dir='ltr'>debeat?</span> <span class='ocrx_word' id='word_1_50' title='bbox 1119 669 1174 753; x_wconf 92' lang='lat' dir='ltr'>qui</span> <span class='ocrx_word' id='word_1_51' title='bbox 1206 669 1235 734; x_wconf 93' lang='lat' dir='ltr'>si</span> <span class='ocrx_word' id='word_1_52' title='bbox 1263 675 1349 735; x_wconf 89' lang='lat' dir='ltr'>esset</span> 
     </span>
     <span class='ocr_line' id='line_1_7' title="bbox 175 755 1349 840; baseline 0.003 -21"><span class='ocrx_word' id='word_1_53' title='bbox 175 755 393 838; x_wconf 86' lang='lat' dir='ltr'>turpissimus,</span> <span class='ocrx_word' id='word_1_54' title='bbox 413 756 441 819; x_wconf 94' lang='lat' dir='ltr'>si</span> <span class='ocrx_word' id='word_1_55' title='bbox 460 755 712 839; x_wconf 90' lang='lat' dir='ltr'>sordidissimus,</span> <span class='ocrx_word' id='word_1_56' title='bbox 729 761 841 821; x_wconf 88' lang='lat' dir='ltr'>tamen</span> <span class='ocrx_word' id='word_1_57' title='bbox 858 759 931 840; x_wconf 92' lang='lat' dir='ltr'>ipso</span> <span class='ocrx_word' id='word_1_58' title='bbox 949 757 1080 821; x_wconf 91' lang='lat' dir='ltr'>nomine</span> <span class='ocrx_word' id='word_1_59' title='bbox 1098 757 1206 840; x_wconf 91' lang='lat' dir='ltr'>patrio</span> <span class='ocrx_word' id='word_1_60' title='bbox 1225 759 1349 822; x_wconf 88' lang='lat' dir='ltr'>valeret</span> 
     </span>
     <span class='ocr_line' id='line_1_8' title="bbox 175 843 1348 930; baseline 0.003 -23"><span class='ocrx_word' id='word_1_61' title='bbox 175 843 261 927; x_wconf 89' lang='lat' dir='ltr'>apud</span> <span class='ocrx_word' id='word_1_62' title='bbox 279 844 453 909; x_wconf 89' lang='lat' dir='ltr'>clementes</span> <span class='ocrx_word' id='word_1_63' title='bbox 476 844 598 909; x_wconf 89' lang='lat' dir='ltr'>iudices</span> <span class='ocrx_word' id='word_1_64' title='bbox 622 848 655 908; x_wconf 91' lang='lat' dir='ltr'>et</span> <span class='ocrx_word' id='word_1_65' title='bbox 678 845 917 910; x_wconf 78' lang='lat' dir='ltr'>misericordes:</span> <span class='ocrx_word' id='word_1_66' title='bbox 940 845 1072 928; x_wconf 84' lang='lat' dir='ltr'>valeret,</span> <span class='ocrx_word' id='word_1_67' title='bbox 1094 846 1237 930; x_wconf 87' lang='lat' dir='ltr'>inquam,</span> <span class='ocrx_word' id='word_1_68' title='bbox 1261 868 1348 911; x_wconf 92' lang='lat' dir='ltr'>com-</span> 
     </span>
     <span class='ocr_line' id='line_1_9' title="bbox 175 931 1347 999; baseline 0.003 -4"><span class='ocrx_word' id='word_1_69' title='bbox 175 931 264 995; x_wconf 93' lang='lat' dir='ltr'>muni</span> <span class='ocrx_word' id='word_1_70' title='bbox 297 953 393 997; x_wconf 90' lang='lat' dir='ltr'>sensu</span> <span class='ocrx_word' id='word_1_71' title='bbox 425 932 569 997; x_wconf 89' lang='lat' dir='ltr'>omniurn</span> <span class='ocrx_word' id='word_1_72' title='bbox 602 936 634 996; x_wconf 88' lang='lat' dir='ltr'>et</span> <span class='ocrx_word' id='word_1_73' title='bbox 666 933 856 998; x_wconf 89' lang='lat' dir='ltr'>dulcissima</span> <span class='ocrx_word' id='word_1_74' title='bbox 891 934 1170 999; x_wconf 89' lang='lat' dir='ltr'>commendatione</span> <span class='ocrx_word' id='word_1_75' title='bbox 1202 938 1347 999; x_wconf 87' lang='lat' dir='ltr'>naturae.</span> 
     </span>
    </p>

    <p class='ocr_par' dir='ltr' id='par_1_4' title="bbox 115 1018 1399 1985">
     <span class='ocr_line' id='line_1_10' title="bbox 176 1018 1399 1106; baseline 0.003 -22"><span class='ocrx_word' id='word_1_76' title='bbox 176 1018 239 1085; x_wconf 79' lang='lat' dir='ltr'>sed</span> <span class='ocrx_word' id='word_1_77' title='bbox 262 1041 334 1084; x_wconf 91' lang='lat' dir='ltr'>cum</span> <span class='ocrx_word' id='word_1_78' title='bbox 358 1021 401 1084; x_wconf 89' lang='lat' dir='ltr'>sit</span> <span class='ocrx_word' id='word_1_79' title='bbox 424 1018 481 1085; x_wconf 75' lang='lat' dir='ltr'>(ln.</span> <span class='ocrx_word' id='word_1_80' title='bbox 503 1020 654 1085; x_wconf 81' lang='lat' dir='ltr'>Plancius</span> <span class='ocrx_word' id='word_1_81' title='bbox 681 1023 710 1085; x_wconf 90' lang='lat' dir='ltr'>is</span> <span class='ocrx_word' id='word_1_82' title='bbox 736 1044 833 1105; x_wconf 86' lang='lat' dir='ltr'>eques</span> <span class='ocrx_word' id='word_1_83' title='bbox 856 1021 1038 1106; x_wconf 87' lang='lat' dir='ltr'>Romanus,</span> <span class='ocrx_word' id='word_1_84' title='bbox 1066 1044 1104 1086; x_wconf 91' lang='lat' dir='ltr'>ea</span> <span class='ocrx_word' id='word_1_85' title='bbox 1129 1023 1271 1105; x_wconf 90' lang='lat' dir='ltr'>primum</span> <span class='ocrx_word' id='word_1_86' title='bbox 1293 1023 1399 1088; x_wconf 80' lang='grc'><strong>16-32</strong></span> 
     </span>
     <span class='ocr_line' id='line_1_11' title="bbox 123 1109 1345 1195; baseline 0.005 -25"><span class='ocrx_word' id='word_1_87' title='bbox 123 1110 297 1172; x_wconf 81' lang='grc'><strong>1611111116</strong></span> <span class='ocrx_word' id='word_1_88' title='bbox 320 1109 478 1192; x_wconf 89' lang='lat' dir='ltr'>equestris</span> <span class='ocrx_word' id='word_1_89' title='bbox 501 1110 657 1193; x_wconf 90' lang='lat' dir='ltr'>nominis,</span> <span class='ocrx_word' id='word_1_90' title='bbox 680 1113 717 1174; x_wconf 95' lang='lat' dir='ltr'>ut</span> <span class='ocrx_word' id='word_1_91' title='bbox 739 1115 845 1195; x_wconf 83' lang='lat' dir='ltr'>pater,</span> <span class='ocrx_word' id='word_1_92' title='bbox 872 1114 909 1175; x_wconf 85' lang='lat' dir='ltr'>ut</span> <span class='ocrx_word' id='word_1_93' title='bbox 931 1132 1025 1193; x_wconf 82' lang='lat' dir='ltr'>avus,</span> <span class='ocrx_word' id='word_1_94' title='bbox 1052 1113 1089 1173; x_wconf 94' lang='lat' dir='ltr'>ut</span> <span class='ocrx_word' id='word_1_95' title='bbox 1113 1110 1253 1175; x_wconf 88' lang='lat' dir='ltr'>maiores</span> <span class='ocrx_word' id='word_1_96' title='bbox 1277 1112 1345 1176; x_wconf 88' lang='lat' dir='ltr'>eius</span> 
     </span>
     <span class='ocr_line' id='line_1_12' title="bbox 175 1196 1346 1282; baseline 0.003 -21"><span class='ocrx_word' id='word_1_97' title='bbox 175 1218 286 1261; x_wconf 89' lang='lat' dir='ltr'>omnes</span> <span class='ocrx_word' id='word_1_98' title='bbox 310 1198 435 1281; x_wconf 88' lang='lat' dir='ltr'>equites</span> <span class='ocrx_word' id='word_1_99' title='bbox 453 1196 593 1262; x_wconf 84' lang='lat' dir='ltr'>Romani</span> <span class='ocrx_word' id='word_1_100' title='bbox 611 1198 741 1282; x_wconf 84' lang='lat' dir='ltr'>fuerint,</span> <span class='ocrx_word' id='word_1_101' title='bbox 764 1222 926 1263; x_wconf 92' lang='lat' dir='ltr'>summum</span> <span class='ocrx_word' id='word_1_102' title='bbox 949 1200 984 1262; x_wconf 92' lang='lat' dir='ltr'>in</span> <span class='ocrx_word' id='word_1_103' title='bbox 1005 1198 1210 1281; x_wconf 82' lang='lat' dir='ltr'>praefectura</span> <span class='ocrx_word' id='word_1_104' title='bbox 1231 1200 1346 1264; x_wconf 89' lang='lat' dir='ltr'>floren-</span> 
     </span>
     <span class='ocr_line' id='line_1_13' title="bbox 172 1285 1347 1372; baseline 0.004 -25"><span class='ocrx_word' id='word_1_105' title='bbox 172 1285 302 1349; x_wconf 87' lang='lat' dir='ltr'>tissima</span> <span class='ocrx_word' id='word_1_106' title='bbox 325 1285 461 1370; x_wconf 87' lang='lat' dir='ltr'>gradum</span> <span class='ocrx_word' id='word_1_107' title='bbox 488 1287 652 1350; x_wconf 88' lang='lat' dir='ltr'>tenuerint</span> <span class='ocrx_word' id='word_1_108' title='bbox 680 1290 712 1351; x_wconf 88' lang='lat' dir='ltr'>et</span> <span class='ocrx_word' id='word_1_109' title='bbox 741 1286 911 1372; x_wconf 84' lang='lat' dir='ltr'>dignitatis</span> <span class='ocrx_word' id='word_1_110' title='bbox 940 1291 973 1351; x_wconf 90' lang='lat' dir='ltr'>et</span> <span class='ocrx_word' id='word_1_111' title='bbox 1001 1287 1140 1372; x_wconf 88' lang='lat' dir='ltr'>gratiae:</span> <span class='ocrx_word' id='word_1_112' title='bbox 1168 1288 1281 1352; x_wconf 88' lang='lat' dir='ltr'>deinde</span> <span class='ocrx_word' id='word_1_113' title='bbox 1310 1292 1347 1352; x_wconf 92' lang='lat' dir='ltr'>ut</span> 
     </span>
     <span class='ocr_line' id='line_1_14' title="bbox 171 1373 1345 1459; baseline 0.004 -23"><span class='ocrx_word' id='word_1_114' title='bbox 171 1373 241 1456; x_wconf 89' lang='lat' dir='ltr'>ipse</span> <span class='ocrx_word' id='word_1_115' title='bbox 273 1375 309 1437; x_wconf 94' lang='lat' dir='ltr'>in</span> <span class='ocrx_word' id='word_1_116' title='bbox 340 1374 522 1459; x_wconf 80' lang='lat' dir='ltr'>legionibus</span> <span class='ocrx_word' id='word_1_117' title='bbox 553 1374 588 1440; x_wconf 90' lang='lat' dir='ltr'>P.</span> <span class='ocrx_word' id='word_1_118' title='bbox 617 1373 729 1439; x_wconf 78' lang='lat' dir='ltr'>Crassi</span> <span class='ocrx_word' id='word_1_119' title='bbox 760 1376 968 1459; x_wconf 89' lang='lat' dir='ltr'>imperatoris</span> <span class='ocrx_word' id='word_1_120' title='bbox 1000 1375 1086 1439; x_wconf 84' lang='lat' dir='ltr'>inter</span> <span class='ocrx_word' id='word_1_121' title='bbox 1118 1376 1345 1441; x_wconf 89' lang='lat' dir='ltr'>ornatissimos</span> 
     </span>
     <span class='ocr_line' id='line_1_15' title="bbox 171 1462 1346 1547; baseline 0.003 -22"><span class='ocrx_word' id='word_1_122' title='bbox 171 1462 329 1544; x_wconf 89' lang='lat' dir='ltr'>homines,</span> <span class='ocrx_word' id='word_1_123' title='bbox 352 1463 477 1546; x_wconf 87' lang='lat' dir='ltr'>equites</span> <span class='ocrx_word' id='word_1_124' title='bbox 496 1463 673 1547; x_wconf 84' lang='lat' dir='ltr'>Romanos,</span> <span class='ocrx_word' id='word_1_125' title='bbox 696 1486 823 1528; x_wconf 91' lang='lat' dir='ltr'>summo</span> <span class='ocrx_word' id='word_1_126' title='bbox 847 1464 1018 1547; x_wconf 84' lang='lat' dir='ltr'>splendore</span> <span class='ocrx_word' id='word_1_127' title='bbox 1038 1463 1148 1527; x_wconf 82' lang='lat' dir='ltr'>fuerit:</span> <span class='ocrx_word' id='word_1_128' title='bbox 1172 1468 1209 1528; x_wconf 86' lang='lat' dir='ltr'>ut</span> <span class='ocrx_word' id='word_1_129' title='bbox 1231 1469 1346 1547; x_wconf 87' lang='lat' dir='ltr'>postea</span> 
     </span>
     <span class='ocr_line' id='line_1_16' title="bbox 115 1550 1346 1634; baseline 0.003 -21"><span class='ocrx_word' id='word_1_130' title='bbox 115 1563 149 1613; x_wconf 87' lang='grc'>16</span> <span class='ocrx_word' id='word_1_131' title='bbox 168 1551 318 1632; x_wconf 85' lang='lat' dir='ltr'>princeps</span> <span class='ocrx_word' id='word_1_132' title='bbox 341 1550 424 1614; x_wconf 89' lang='lat' dir='ltr'>inter</span> <span class='ocrx_word' id='word_1_133' title='bbox 448 1573 523 1615; x_wconf 90' lang='lat' dir='ltr'>suos</span> <span class='ocrx_word' id='word_1_134' title='bbox 546 1551 759 1634; x_wconf 90' lang='lat' dir='ltr'>plurimarum</span> <span class='ocrx_word' id='word_1_135' title='bbox 787 1574 897 1616; x_wconf 90' lang='lat' dir='ltr'>rerum</span> <span class='ocrx_word' id='word_1_136' title='bbox 923 1550 1149 1614; x_wconf 86' lang='lat' dir='ltr'>sanctissimus</span> <span class='ocrx_word' id='word_1_137' title='bbox 1178 1556 1211 1616; x_wconf 87' lang='lat' dir='ltr'>et</span> <span class='ocrx_word' id='word_1_138' title='bbox 1237 1553 1346 1617; x_wconf 88' lang='lat' dir='ltr'>iustis·</span> 
     </span>
     <span class='ocr_line' id='line_1_17' title="bbox 170 1637 1346 1721; baseline 0.003 -20"><span class='ocrx_word' id='word_1_139' title='bbox 170 1638 271 1702; x_wconf 89' lang='lat' dir='ltr'>simus</span> <span class='ocrx_word' id='word_1_140' title='bbox 294 1637 403 1721; x_wconf 86' lang='lat' dir='ltr'>iudex,</span> <span class='ocrx_word' id='word_1_141' title='bbox 430 1639 645 1703; x_wconf 88' lang='lat' dir='ltr'>maximarum</span> <span class='ocrx_word' id='word_1_142' title='bbox 669 1640 861 1703; x_wconf 87' lang='lat' dir='ltr'>societatum</span> <span class='ocrx_word' id='word_1_143' title='bbox 889 1641 1014 1720; x_wconf 88' lang='lat' dir='ltr'>auctor,</span> <span class='ocrx_word' id='word_1_144' title='bbox 1042 1639 1255 1721; x_wconf 85' lang='lat' dir='ltr'>plurimarum</span> <span class='ocrx_word' id='word_1_145' title='bbox 1278 1663 1346 1704; x_wconf 91' lang='lat' dir='ltr'>ma-</span> 
     </span>
     <span class='ocr_line' id='line_1_18' title="bbox 170 1726 1346 1811; baseline 0.003 -22"><span class='ocrx_word' id='word_1_146' title='bbox 170 1726 286 1808; x_wconf 89' lang='lat' dir='ltr'>gister:</span> <span class='ocrx_word' id='word_1_147' title='bbox 320 1727 347 1789; x_wconf 89' lang='lat' dir='ltr'>si</span> <span class='ocrx_word' id='word_1_148' title='bbox 374 1749 441 1792; x_wconf 91' lang='lat' dir='ltr'>non</span> <span class='ocrx_word' id='word_1_149' title='bbox 468 1727 563 1792; x_wconf 91' lang='lat' dir='ltr'>modo</span> <span class='ocrx_word' id='word_1_150' title='bbox 593 1727 628 1790; x_wconf 93' lang='lat' dir='ltr'>in</span> <span class='ocrx_word' id='word_1_151' title='bbox 656 1748 693 1791; x_wconf 91' lang='lat' dir='ltr'>eo</span> <span class='ocrx_word' id='word_1_152' title='bbox 727 1727 811 1790; x_wconf 90' lang='lat' dir='ltr'>nihil</span> <span class='ocrx_word' id='word_1_153' title='bbox 838 1749 982 1811; x_wconf 93' lang='lat' dir='ltr'>unquam</span> <span class='ocrx_word' id='word_1_154' title='bbox 1009 1727 1257 1809; x_wconf 86' lang='lat' dir='ltr'>reprehensum,</span> <span class='ocrx_word' id='word_1_155' title='bbox 1290 1730 1346 1793; x_wconf 88' lang='lat' dir='ltr'>sed</span> 
     </span>
     <span class='ocr_line' id='line_1_19' title="bbox 168 1814 1345 1901; baseline 0.003 -24"><span class='ocrx_word' id='word_1_156' title='bbox 168 1815 303 1879; x_wconf 88' lang='lat' dir='ltr'>laudata</span> <span class='ocrx_word' id='word_1_157' title='bbox 326 1819 403 1879; x_wconf 89' lang='lat' dir='ltr'>sunt</span> <span class='ocrx_word' id='word_1_158' title='bbox 427 1815 549 1898; x_wconf 89' lang='lat' dir='ltr'>omnia,</span> <span class='ocrx_word' id='word_1_159' title='bbox 576 1819 687 1878; x_wconf 90' lang='lat' dir='ltr'>tamen</span> <span class='ocrx_word' id='word_1_160' title='bbox 710 1814 738 1880; x_wconf 90' lang='lat' dir='ltr'>is</span> <span class='ocrx_word' id='word_1_161' title='bbox 762 1816 871 1880; x_wconf 88' lang='lat' dir='ltr'>oberit</span> <span class='ocrx_word' id='word_1_162' title='bbox 893 1814 1124 1880; x_wconf 89' lang='lat' dir='ltr'>honestissimo</span> <span class='ocrx_word' id='word_1_163' title='bbox 1148 1816 1216 1881; x_wconf 90' lang='lat' dir='ltr'>filio</span> <span class='ocrx_word' id='word_1_164' title='bbox 1243 1821 1345 1901; x_wconf 84' lang='lat' dir='ltr'>pater,</span> 
     </span>
     <span class='ocr_line' id='line_1_20' title="bbox 171 1903 1345 1985; baseline 0.003 -19"><span class='ocrx_word' id='word_1_165' title='bbox 171 1903 226 1985; x_wconf 91' lang='lat' dir='ltr'>qui</span> <span class='ocrx_word' id='word_1_166' title='bbox 248 1903 300 1966; x_wconf 89' lang='lat' dir='ltr'>vel</span> <span class='ocrx_word' id='word_1_167' title='bbox 322 1903 428 1967; x_wconf 88' lang='lat' dir='ltr'>minus</span> <span class='ocrx_word' id='word_1_168' title='bbox 450 1903 623 1967; x_wconf 89' lang='lat' dir='ltr'>honestum</span> <span class='ocrx_word' id='word_1_169' title='bbox 646 1906 680 1966; x_wconf 90' lang='lat' dir='ltr'>et</span> <span class='ocrx_word' id='word_1_170' title='bbox 707 1903 848 1968; x_wconf 87' lang='lat' dir='ltr'>alienum</span> <span class='ocrx_word' id='word_1_171' title='bbox 877 1904 962 1968; x_wconf 86' lang='lat' dir='ltr'>tueri</span> <span class='ocrx_word' id='word_1_172' title='bbox 985 1904 1036 1967; x_wconf 89' lang='lat' dir='ltr'>vel</span> <span class='ocrx_word' id='word_1_173' title='bbox 1064 1906 1257 1970; x_wconf 84' lang='lat' dir='ltr'>auctoritate</span> <span class='ocrx_word' id='word_1_174' title='bbox 1286 1928 1345 1970; x_wconf 89' lang='lat' dir='ltr'>sua</span> 
     </span>
    </p>

    <p class='ocr_par' dir='ltr' id='par_1_5' title="bbox 48 1990 1397 2430">
     <span class='ocr_line' id='line_1_21' title="bbox 48 1990 1397 2078; baseline 0.004 -25"><span class='ocrx_word' id='word_1_175' title='bbox 48 2015 50 2019; x_wconf 46' lang='lat'><strong>¹</strong></span> <span class='ocrx_word' id='word_1_176' title='bbox 117 2004 152 2054; x_wconf 77' lang='lat'>20</span> <span class='ocrx_word' id='word_1_177' title='bbox 171 1990 223 2053; x_wconf 89' lang='lat' dir='ltr'>vel</span> <span class='ocrx_word' id='word_1_178' title='bbox 246 1990 353 2074; x_wconf 88' lang='lat' dir='ltr'>gratia</span> <span class='ocrx_word' id='word_1_179' title='bbox 374 1990 501 2073; x_wconf 79' lang='lat' dir='ltr'>possit?</span> <span class='ocrx_word' id='word_1_180' title='bbox 520 2027 557 2038; x_wconf 92' lang='lat'>—</span> <span class='ocrx_word' id='word_1_181' title='bbox 570 1990 761 2076; x_wconf 51' lang='grc' dir='ltr'>θ1111611111,</span> <span class='ocrx_word' id='word_1_182' title='bbox 783 1993 898 2077; x_wconf 91' lang='lat' dir='ltr'>inquit,</span> <span class='ocrx_word' id='word_1_183' title='bbox 922 1991 1060 2057; x_wconf 72' lang='lat' dir='ltr'>‘locutus</span> <span class='ocrx_word' id='word_1_184' title='bbox 1079 1997 1129 2056; x_wconf 88' lang='lat' dir='ltr'>est</span> <span class='ocrx_word' id='word_1_185' title='bbox 1147 1994 1268 2078; x_wconf 90' lang='lat' dir='ltr'>aliquid</span> <span class='ocrx_word' id='word_1_186' title='bbox 1288 1995 1344 2059; x_wconf 87' lang='lat' dir='ltr'>ali·</span> <span class='ocrx_word' id='word_1_187' title='bbox 1354 1994 1397 2059; x_wconf 83' lang='lat'>33</span> 
     </span>
     <span class='ocr_line' id='line_1_22' title="bbox 172 2076 1345 2168; baseline 0.006 -28"><span class='ocrx_word' id='word_1_188' title='bbox 172 2076 323 2161; x_wconf 85' lang='lat' dir='ltr'>quando&#39;.</span> <span class='ocrx_word' id='word_1_189' title='bbox 350 2115 388 2125; x_wconf 92' lang='lat'><em>-</em></span> <span class='ocrx_word' id='word_1_190' title='bbox 414 2078 518 2145; x_wconf 92' lang='lat' dir='ltr'>Immo</span> <span class='ocrx_word' id='word_1_191' title='bbox 541 2079 678 2144; x_wconf 89' lang='lat' dir='ltr'>fortasse</span> <span class='ocrx_word' id='word_1_192' title='bbox 702 2080 845 2145; x_wconf 89' lang='lat' dir='ltr'>liberius.</span> <span class='ocrx_word' id='word_1_193' title='bbox 871 2118 913 2129; x_wconf 93' lang='lat'>—</span> <span class='ocrx_word' id='word_1_194' title='bbox 938 2079 995 2144; x_wconf 71' lang='lat' dir='ltr'>‘At</span> <span class='ocrx_word' id='word_1_195' title='bbox 1017 2080 1052 2143; x_wconf 92' lang='lat' dir='ltr'>id</span> <span class='ocrx_word' id='word_1_196' title='bbox 1076 2081 1207 2164; x_wconf 86' lang='lat' dir='ltr'>ipsum’‚</span> <span class='ocrx_word' id='word_1_197' title='bbox 1230 2083 1345 2168; x_wconf 82' lang='lat' dir='ltr'>inquit,</span> 
     </span>
     <span class='ocr_line' id='line_1_23' title="bbox 172 2164 1345 2254; baseline 0.004 -25"><span class='ocrx_word' id='word_1_198' title='bbox 172 2164 249 2230; x_wconf 67' lang='lat' dir='ltr'>‘non</span> <span class='ocrx_word' id='word_1_199' title='bbox 267 2170 317 2230; x_wconf 91' lang='lat' dir='ltr'>est</span> <span class='ocrx_word' id='word_1_200' title='bbox 334 2166 521 2232; x_wconf 88' lang='lat' dir='ltr'>ferendum&#39;.</span> <span class='ocrx_word' id='word_1_201' title='bbox 535 2204 578 2216; x_wconf 90' lang='lat'>·-</span> <span class='ocrx_word' id='word_1_202' title='bbox 592 2167 681 2254; x_wconf 82' lang='lat' dir='ltr'>Ergo</span> <span class='ocrx_word' id='word_1_203' title='bbox 700 2169 725 2233; x_wconf 92' lang='lat' dir='ltr'>ii</span> <span class='ocrx_word' id='word_1_204' title='bbox 741 2168 867 2234; x_wconf 90' lang='lat' dir='ltr'>ferendi</span> <span class='ocrx_word' id='word_1_205' title='bbox 890 2173 975 2248; x_wconf 91' lang='lat' dir='ltr'>sunt,</span> <span class='ocrx_word' id='word_1_206' title='bbox 999 2169 1053 2252; x_wconf 92' lang='lat' dir='ltr'>qui</span> <span class='ocrx_word' id='word_1_207' title='bbox 1076 2169 1138 2233; x_wconf 89' lang='lat' dir='ltr'>hoc</span> <span class='ocrx_word' id='word_1_208' title='bbox 1157 2175 1345 2252; x_wconf 88' lang='lat' dir='ltr'>queruntur,</span> 
     </span>
     <span class='ocr_line' id='line_1_24' title="bbox 170 2254 1345 2340; baseline 0.003 -22"><span class='ocrx_word' id='word_1_209' title='bbox 170 2254 355 2319; x_wconf 84' lang='lat' dir='ltr'>libertatem</span> <span class='ocrx_word' id='word_1_210' title='bbox 383 2256 502 2340; x_wconf 90' lang='lat' dir='ltr'>equitis</span> <span class='ocrx_word' id='word_1_211' title='bbox 529 2256 670 2322; x_wconf 88' lang='lat' dir='ltr'>Romani</span> <span class='ocrx_word' id='word_1_212' title='bbox 704 2279 737 2322; x_wconf 90' lang='lat' dir='ltr'>se</span> <span class='ocrx_word' id='word_1_213' title='bbox 764 2258 848 2322; x_wconf 86' lang='lat' dir='ltr'>ferre</span> <span class='ocrx_word' id='word_1_214' title='bbox 876 2279 942 2322; x_wconf 92' lang='lat' dir='ltr'>non</span> <span class='ocrx_word' id='word_1_215' title='bbox 968 2257 1089 2339; x_wconf 83' lang='lat' dir='ltr'>posse?</span> <span class='ocrx_word' id='word_1_216' title='bbox 1120 2256 1263 2322; x_wconf 89' lang='lat' dir='ltr'>Ubinam</span> <span class='ocrx_word' id='word_1_217' title='bbox 1289 2259 1345 2322; x_wconf 93' lang='lat' dir='ltr'>ille</span> 
     </span>
     <span class='ocr_line' id='line_1_25' title="bbox 51 2340 1344 2430; baseline 0.003 -24"><span class='ocrx_word' id='word_1_218' title='bbox 51 2340 54 2343; x_wconf 71' lang='grc'><strong>’</strong></span> <span class='ocrx_word' id='word_1_219' title='bbox 170 2341 264 2407; x_wconf 81' lang='lat' dir='ltr'>mos?</span> <span class='ocrx_word' id='word_1_220' title='bbox 291 2344 348 2407; x_wconf 92' lang='lat' dir='ltr'>ubi</span> <span class='ocrx_word' id='word_1_221' title='bbox 370 2344 429 2408; x_wconf 93' lang='lat' dir='ltr'>illa</span> <span class='ocrx_word' id='word_1_222' title='bbox 452 2347 598 2430; x_wconf 83' lang='lat' dir='ltr'>aequitas</span> <span class='ocrx_word' id='word_1_223' title='bbox 624 2345 725 2411; x_wconf 79' lang='lat' dir='ltr'>iuris?</span> <span class='ocrx_word' id='word_1_224' title='bbox 752 2347 809 2411; x_wconf 90' lang='lat' dir='ltr'>ubi</span> <span class='ocrx_word' id='word_1_225' title='bbox 836 2346 895 2410; x_wconf 93' lang='lat' dir='ltr'>illa</span> <span class='ocrx_word' id='word_1_226' title='bbox 923 2345 1059 2428; x_wconf 85' lang='lat' dir='ltr'>antiqua</span> <span class='ocrx_word' id='word_1_227' title='bbox 1085 2344 1234 2428; x_wconf 87' lang='lat' dir='ltr'>libertas,</span> <span class='ocrx_word' id='word_1_228' title='bbox 1262 2368 1344 2430; x_wconf 91' lang='lat' dir='ltr'>quae</span> 
     </span>
    </p>
   </div>
   <div class='ocr_carea' id='block_1_4' title="bbox 166 2534 1344 4369">
    <p class='ocr_par' dir='ltr' id='par_1_6' title="bbox 170 2534 1344 2660">
     <span class='ocr_line' id='line_1_26' title="bbox 208 2534 1344 2605; baseline 0.004 -18"><span class='ocrx_word' id='word_1_229' title='bbox 208 2540 231 2588; x_wconf 93' lang='lat'>1.</span> <span class='ocrx_word' id='word_1_230' title='bbox 260 2535 292 2589; x_wconf 84' lang='lat' dir='ltr'>de</span> <span class='ocrx_word' id='word_1_231' title='bbox 319 2536 399 2589; x_wconf 80' lang='lat' dir='ltr'>cuim</span> <span class='ocrx_word' id='word_1_232' title='bbox 424 2566 458 2575; x_wconf 96' lang='lat'><strong>—</strong></span> <span class='ocrx_word' id='word_1_233' title='bbox 484 2537 550 2591; x_wconf 81' lang='lat' dir='ltr'>dub.</span> <span class='ocrx_word' id='word_1_234' title='bbox 579 2562 613 2581; x_wconf 92' lang='lat'><em>=</em></span> <span class='ocrx_word' id='word_1_235' title='bbox 639 2538 673 2590; x_wconf 90' lang='lat' dir='ltr'>ut</span> <span class='ocrx_word' id='word_1_236' title='bbox 696 2534 730 2590; x_wconf 85' lang='lat' dir='ltr'>de</span> <span class='ocrx_word' id='word_1_237' title='bbox 784 2537 888 2603; x_wconf 74' lang='lat' dir='ltr'>Natus,</span> <span class='ocrx_word' id='word_1_238' title='bbox 913 2536 963 2590; x_wconf 89' lang='lat' dir='ltr'>der</span> <span class='ocrx_word' id='word_1_239' title='bbox 981 2535 1057 2592; x_wconf 81' lang='lat' dir='ltr'>Lat:</span> <span class='ocrx_word' id='word_1_240' title='bbox 1082 2534 1128 2590; x_wconf 89' lang='lat' dir='ltr'>die</span> <span class='ocrx_word' id='word_1_241' title='bbox 1148 2535 1344 2605; x_wconf 84' lang='lat' dir='ltr'>empfehleude</span> 
     </span>
     <span class='ocr_line' id='line_1_27' title="bbox 170 2603 912 2660; baseline 0.003 -2"><span class='ocrx_word' id='word_1_242' title='bbox 170 2603 230 2658; x_wconf 87' lang='lat' dir='ltr'>eius</span> <span class='ocrx_word' id='word_1_243' title='bbox 249 2636 282 2645; x_wconf 93' lang='lat'><em>-</em></span> <span class='ocrx_word' id='word_1_244' title='bbox 302 2603 368 2660; x_wconf 86' lang='lat' dir='ltr'>dub.</span> <span class='ocrx_word' id='word_1_245' title='bbox 786 2605 912 2660; x_wconf 84' lang='lat' dir='ltr'>Stimme.</span> 
     </span>
    </p>

    <p class='ocr_par' dir='ltr' id='par_1_7' title="bbox 170 2674 1343 3098">
     <span class='ocr_line' id='line_1_28' title="bbox 206 2674 1341 2746; baseline 0.004 -19"><span class='ocrx_word' id='word_1_246' title='bbox 206 2680 232 2728; x_wconf 87' lang='lat'>4.</span> <span class='ocrx_word' id='word_1_247' title='bbox 256 2676 348 2730; x_wconf 81' lang='lat' dir='ltr'>Pater.</span> <span class='ocrx_word' id='word_1_248' title='bbox 384 2674 442 2729; x_wconf 87' lang='lat' dir='ltr'>Der</span> <span class='ocrx_word' id='word_1_249' title='bbox 469 2674 557 2730; x_wconf 80' lang='grc'><strong>111616</strong></span> <span class='ocrx_word' id='word_1_250' title='bbox 579 2675 621 2732; x_wconf 92' lang='lat' dir='ltr'>Pl.</span> <span class='ocrx_word' id='word_1_251' title='bbox 649 2677 730 2731; x_wconf 86' lang='lat' dir='ltr'>hatte</span> <span class='ocrx_word' id='word_1_252' title='bbox 822 2683 864 2732; x_wconf 89' lang='lat'>13.</span> <span class='ocrx_word' id='word_1_253' title='bbox 887 2677 921 2729; x_wconf 92' lang='lat' dir='ltr'>P.</span> <span class='ocrx_word' id='word_1_254' title='bbox 942 2676 1049 2743; x_wconf 78' lang='lat' dir='ltr'>Crassi,</span> <span class='ocrx_word' id='word_1_255' title='bbox 1074 2675 1164 2746; x_wconf 83' lang='lat' dir='ltr'>patris</span> <span class='ocrx_word' id='word_1_256' title='bbox 1183 2675 1220 2732; x_wconf 84' lang='grc' dir='ltr'>Μ.</span> <span class='ocrx_word' id='word_1_257' title='bbox 1241 2676 1341 2733; x_wconf 81' lang='lat' dir='ltr'>Crassi</span> 
     </span>
     <span class='ocr_line' id='line_1_29' title="bbox 171 2742 1341 2816; baseline 0.005 -20"><span class='ocrx_word' id='word_1_258' title='bbox 171 2742 232 2797; x_wconf 85' lang='lat' dir='ltr'>sich</span> <span class='ocrx_word' id='word_1_259' title='bbox 250 2746 305 2799; x_wconf 90' lang='lat' dir='ltr'>den</span> <span class='ocrx_word' id='word_1_260' title='bbox 323 2746 561 2814; x_wconf 71' lang='lat' dir='ltr'>Senatshbuptern</span> <span class='ocrx_word' id='word_1_261' title='bbox 579 2744 731 2816; x_wconf 83' lang='lat' dir='ltr'>missliebig</span> <span class='ocrx_word' id='word_1_262' title='bbox 784 2748 815 2804; x_wconf 87' lang='lat' dir='ltr'>P.</span> <span class='ocrx_word' id='word_1_263' title='bbox 832 2746 955 2801; x_wconf 87' lang='lat' dir='ltr'>Licinius</span> <span class='ocrx_word' id='word_1_264' title='bbox 975 2746 1089 2801; x_wconf 79' lang='lat' dir='ltr'>Crassus</span> <span class='ocrx_word' id='word_1_265' title='bbox 1107 2763 1167 2801; x_wconf 85' lang='lat' dir='ltr'>war</span> <span class='ocrx_word' id='word_1_266' title='bbox 1184 2747 1275 2801; x_wconf 89' lang='lat' dir='ltr'>neben</span> <span class='ocrx_word' id='word_1_267' title='bbox 1293 2745 1341 2802; x_wconf 82' lang='lat' dir='ltr'>On.</span> 
     </span>
     <span class='ocr_line' id='line_1_30' title="bbox 171 2814 1341 2883; baseline 0.003 -15"><span class='ocrx_word' id='word_1_268' title='bbox 171 2816 316 2883; x_wconf 78' lang='lat' dir='ltr'>gemacht,</span> <span class='ocrx_word' id='word_1_269' title='bbox 353 2832 374 2869; x_wconf 86' lang='lat' dir='ltr'>a.</span> <span class='ocrx_word' id='word_1_270' title='bbox 406 2814 479 2868; x_wconf 81' lang='lat' dir='ltr'>Einl.</span> <span class='ocrx_word' id='word_1_271' title='bbox 513 2821 578 2880; x_wconf 70' lang='lat'>§4-</span> <span class='ocrx_word' id='word_1_272' title='bbox 623 2816 731 2870; x_wconf 88' lang='lat' dir='ltr'>Darum</span> <span class='ocrx_word' id='word_1_273' title='bbox 785 2817 929 2871; x_wconf 82' lang='lat' dir='ltr'>Cornelius</span> <span class='ocrx_word' id='word_1_274' title='bbox 952 2816 1088 2871; x_wconf 85' lang='lat' dir='ltr'>Lentulus</span> <span class='ocrx_word' id='word_1_275' title='bbox 1110 2818 1217 2872; x_wconf 88' lang='lat' dir='ltr'>Konsul</span> <span class='ocrx_word' id='word_1_276' title='bbox 1240 2833 1265 2872; x_wconf 86' lang='lat' dir='ltr'>a.</span> <span class='ocrx_word' id='word_1_277' title='bbox 1290 2823 1341 2872; x_wconf 79' lang='grc'><strong>657</strong></span> 
     </span>
     <span class='ocr_line' id='line_1_31' title="bbox 171 2883 1343 2957; baseline 0.003 -18"><span class='ocrx_word' id='word_1_278' title='bbox 171 2883 274 2940; x_wconf 83' lang='lat' dir='ltr'>musste</span> <span class='ocrx_word' id='word_1_279' title='bbox 283 2886 355 2939; x_wconf 88' lang='lat' dir='ltr'>nach</span> <span class='ocrx_word' id='word_1_280' title='bbox 365 2884 414 2939; x_wconf 86' lang='lat' dir='ltr'>des</span> <span class='ocrx_word' id='word_1_281' title='bbox 423 2885 515 2941; x_wconf 85' lang='lat' dir='ltr'>Later.</span> <span class='ocrx_word' id='word_1_282' title='bbox 526 2885 645 2940; x_wconf 83' lang='lat' dir='ltr'>Ansicht</span> <span class='ocrx_word' id='word_1_283' title='bbox 654 2887 730 2942; x_wconf 83' lang='grc'><strong>161116</strong></span> <span class='ocrx_word' id='word_1_284' title='bbox 784 2891 855 2956; x_wconf 79' lang='grc'><strong>(97),</strong></span> <span class='ocrx_word' id='word_1_285' title='bbox 877 2887 1073 2956; x_wconf 83' lang='lat' dir='ltr'>triumphierte</span> <span class='ocrx_word' id='word_1_286' title='bbox 1091 2904 1117 2943; x_wconf 89' lang='lat' dir='ltr'>a.</span> <span class='ocrx_word' id='word_1_287' title='bbox 1136 2893 1187 2942; x_wconf 91' lang='grc'>661</span> <span class='ocrx_word' id='word_1_288' title='bbox 1212 2889 1268 2957; x_wconf 85' lang='grc'>(93)</span> <span class='ocrx_word' id='word_1_289' title='bbox 1290 2905 1343 2957; x_wconf 87' lang='lat' dir='ltr'>pro</span> 
     </span>
     <span class='ocr_line' id='line_1_32' title="bbox 170 2954 1343 3028; baseline 0.003 -19"><span class='ocrx_word' id='word_1_290' title='bbox 170 2954 729 3024; x_wconf 65' lang='grc' dir='ltr'><strong>Β611111161111111161118611111611611611111·</strong></span> <span class='ocrx_word' id='word_1_291' title='bbox 785 2958 827 3013; x_wconf 82' lang='lat' dir='ltr'>Os.</span> <span class='ocrx_word' id='word_1_292' title='bbox 846 2959 881 3013; x_wconf 87' lang='lat' dir='ltr'>de</span> <span class='ocrx_word' id='word_1_293' title='bbox 895 2957 1038 3013; x_wconf 87' lang='lat' dir='ltr'>Lusitanis</span> <span class='ocrx_word' id='word_1_294' title='bbox 1050 2959 1122 3028; x_wconf 90' lang='lat' dir='ltr'>prid.</span> <span class='ocrx_word' id='word_1_295' title='bbox 1141 2959 1182 3012; x_wconf 92' lang='lat' dir='ltr'>Id.</span> <span class='ocrx_word' id='word_1_296' title='bbox 1196 2958 1266 3027; x_wconf 85' lang='lat' dir='ltr'>Iun,</span> <span class='ocrx_word' id='word_1_297' title='bbox 1284 2976 1343 3013; x_wconf 86' lang='lat' dir='ltr'>war</span> 
     </span>
     <span class='ocr_line' id='line_1_33' title="bbox 170 3025 1342 3098; baseline 0.003 -17"><span class='ocrx_word' id='word_1_298' title='bbox 170 3027 228 3081; x_wconf 87' lang='lat' dir='ltr'>lich</span> <span class='ocrx_word' id='word_1_299' title='bbox 247 3026 289 3081; x_wconf 86' lang='lat' dir='ltr'>als</span> <span class='ocrx_word' id='word_1_300' title='bbox 306 3025 430 3080; x_wconf 78' lang='lat' dir='ltr'>nfitalich</span> <span class='ocrx_word' id='word_1_301' title='bbox 448 3026 516 3081; x_wconf 84' lang='lat' dir='ltr'>sein.</span> <span class='ocrx_word' id='word_1_302' title='bbox 553 3080 556 3087; x_wconf 70' lang='grc'><strong>,</strong></span> <span class='ocrx_word' id='word_1_303' title='bbox 784 3030 888 3085; x_wconf 81' lang='lat' dir='ltr'>Censor</span> <span class='ocrx_word' id='word_1_304' title='bbox 906 3045 932 3083; x_wconf 90' lang='lat' dir='ltr'>a.</span> <span class='ocrx_word' id='word_1_305' title='bbox 952 3034 1003 3083; x_wconf 83' lang='grc'>666</span> <span class='ocrx_word' id='word_1_306' title='bbox 1022 3031 1078 3098; x_wconf 85' lang='grc'>(89)</span> <span class='ocrx_word' id='word_1_307' title='bbox 1098 3030 1154 3083; x_wconf 90' lang='lat' dir='ltr'>und</span> <span class='ocrx_word' id='word_1_308' title='bbox 1173 3031 1262 3084; x_wconf 84' lang='grc'><strong>161616</strong></span> <span class='ocrx_word' id='word_1_309' title='bbox 1281 3030 1342 3084; x_wconf 85' lang='lat' dir='ltr'>sich</span> 
     </span>
    </p>

    <p class='ocr_par' dir='ltr' id='par_1_8' title="bbox 205 3095 1342 3167">
     <span class='ocr_line' id='line_1_34' title="bbox 205 3095 1342 3167; baseline 0.003 -15"><span class='ocrx_word' id='word_1_310' title='bbox 205 3103 238 3152; x_wconf 78' lang='lat' dir='ltr'>ut</span> <span class='ocrx_word' id='word_1_311' title='bbox 255 3095 337 3152; x_wconf 90' lang='grc'><strong>161161</strong></span> <span class='ocrx_word' id='word_1_312' title='bbox 345 3097 407 3151; x_wconf 88' lang='lat' dir='ltr'>eine</span> <span class='ocrx_word' id='word_1_313' title='bbox 419 3097 563 3165; x_wconf 81' lang='lat' dir='ltr'>unwfflige</span> <span class='ocrx_word' id='word_1_314' title='bbox 572 3096 663 3167; x_wconf 83' lang='lat' dir='ltr'>Frage</span> <span class='ocrx_word' id='word_1_315' title='bbox 673 3098 728 3153; x_wconf 90' lang='lat' dir='ltr'>ein.</span> <span class='ocrx_word' id='word_1_316' title='bbox 783 3101 872 3155; x_wconf 84' lang='lat' dir='ltr'>selbst</span> <span class='ocrx_word' id='word_1_317' title='bbox 889 3099 1024 3155; x_wconf 72' lang='lat' dir='ltr'>wahrend</span> <span class='ocrx_word' id='word_1_318' title='bbox 1042 3099 1091 3154; x_wconf 89' lang='lat' dir='ltr'>der</span> <span class='ocrx_word' id='word_1_319' title='bbox 1110 3100 1274 3155; x_wconf 82' lang='lat' dir='ltr'>Henschaft</span> <span class='ocrx_word' id='word_1_320' title='bbox 1292 3102 1342 3156; x_wconf 89' lang='lat' dir='ltr'>des</span> 
     </span>
    </p>

    <p class='ocr_par' dir='ltr' id='par_1_9' title="bbox 168 3166 1341 3735">
     <span class='ocr_line' id='line_1_35' title="bbox 205 3166 1341 3238; baseline 0.004 -16"><span class='ocrx_word' id='word_1_321' title='bbox 205 3169 237 3222; x_wconf 78' lang='lat' dir='ltr'>im</span> <span class='ocrx_word' id='word_1_322' title='bbox 255 3169 430 3223; x_wconf 75' lang='lat' dir='ltr'>dimicatione</span> <span class='ocrx_word' id='word_1_323' title='bbox 444 3169 489 3237; x_wconf 87' lang='lat'>(=</span> <span class='ocrx_word' id='word_1_324' title='bbox 498 3166 667 3238; x_wconf 87' lang='lat' dir='ltr'>discrimine,</span> <span class='ocrx_word' id='word_1_325' title='bbox 679 3186 727 3237; x_wconf 89' lang='lat' dir='ltr'>pe·</span> <span class='ocrx_word' id='word_1_326' title='bbox 780 3170 810 3226; x_wconf 87' lang='lat' dir='ltr'>L.</span> <span class='ocrx_word' id='word_1_327' title='bbox 830 3170 932 3237; x_wconf 81' lang='lat' dir='ltr'>Cinna,</span> <span class='ocrx_word' id='word_1_328' title='bbox 955 3188 1004 3223; x_wconf 91' lang='lat' dir='ltr'>um</span> <span class='ocrx_word' id='word_1_329' title='bbox 1025 3171 1105 3225; x_wconf 89' lang='lat' dir='ltr'>nicht</span> <span class='ocrx_word' id='word_1_330' title='bbox 1126 3171 1156 3225; x_wconf 91' lang='lat' dir='ltr'>in</span> <span class='ocrx_word' id='word_1_331' title='bbox 1178 3170 1223 3225; x_wconf 90' lang='lat' dir='ltr'>die</span> <span class='ocrx_word' id='word_1_332' title='bbox 1242 3171 1341 3227; x_wconf 76' lang='lat' dir='ltr'>nanda</span> 
     </span>
     <span class='ocr_line' id='line_1_36' title="bbox 169 3238 1339 3311; baseline 0.005 -19"><span class='ocrx_word' id='word_1_333' title='bbox 169 3239 270 3306; x_wconf 88' lang='lat' dir='ltr'>riculo)</span> <span class='ocrx_word' id='word_1_334' title='bbox 283 3240 469 3305; x_wconf 75' lang='lat' dir='ltr'>fortunarum,</span> <span class='ocrx_word' id='word_1_335' title='bbox 483 3238 547 3293; x_wconf 88' lang='lat' dir='ltr'>dem</span> <span class='ocrx_word' id='word_1_336' title='bbox 558 3238 644 3293; x_wconf 81' lang='lat' dir='ltr'>Sinne</span> <span class='ocrx_word' id='word_1_337' title='bbox 655 3239 728 3294; x_wconf 85' lang='lat' dir='ltr'>nach</span> <span class='ocrx_word' id='word_1_338' title='bbox 782 3241 996 3311; x_wconf 82' lang='lat' dir='ltr'>aeinerGegner</span> <span class='ocrx_word' id='word_1_339' title='bbox 1009 3241 1153 3310; x_wconf 74' lang='lat' dir='ltr'>upsallen,</span> <span class='ocrx_word' id='word_1_340' title='bbox 1168 3258 1193 3297; x_wconf 89' lang='lat' dir='ltr'>a.</span> <span class='ocrx_word' id='word_1_341' title='bbox 1207 3247 1260 3296; x_wconf 85' lang='grc'>668</span> <span class='ocrx_word' id='word_1_342' title='bbox 1275 3244 1339 3311; x_wconf 87' lang='grc'><strong>(86).</strong></span> 
     </span>
     <span class='ocr_line' id='line_1_37' title="bbox 169 3308 994 3381; baseline 0.001 -18"><span class='ocrx_word' id='word_1_343' title='bbox 169 3310 234 3364; x_wconf 87' lang='lat' dir='ltr'>dem</span> <span class='ocrx_word' id='word_1_344' title='bbox 248 3310 496 3379; x_wconf 85' lang='lat' dir='ltr'>vorhergehenden</span> <span class='ocrx_word' id='word_1_345' title='bbox 513 3308 544 3363; x_wconf 88' lang='lat' dir='ltr'>in</span> <span class='ocrx_word' id='word_1_346' title='bbox 560 3309 666 3364; x_wconf 88' lang='lat' dir='ltr'>iudicio</span> <span class='ocrx_word' id='word_1_347' title='bbox 681 3326 727 3364; x_wconf 90' lang='lat' dir='ltr'>ca·</span> <span class='ocrx_word' id='word_1_348' title='bbox 780 3311 840 3366; x_wconf 83' lang='lat' dir='ltr'>Liv.</span> <span class='ocrx_word' id='word_1_349' title='bbox 860 3310 936 3381; x_wconf 83' lang='lat' dir='ltr'>Epit.</span> <span class='ocrx_word' id='word_1_350' title='bbox 950 3317 994 3365; x_wconf 83' lang='lat'>80.</span> 
     </span>
     <span class='ocr_line' id='line_1_38' title="bbox 169 3378 1341 3451; baseline 0.003 -17"><span class='ocrx_word' id='word_1_351' title='bbox 169 3380 237 3450; x_wconf 88' lang='lat' dir='ltr'>pitis</span> <span class='ocrx_word' id='word_1_352' title='bbox 255 3378 493 3447; x_wconf 79' lang='lat' dir='ltr'>nahekommend3</span> <span class='ocrx_word' id='word_1_353' title='bbox 520 3396 553 3434; x_wconf 89' lang='lat' dir='ltr'>ca</span> <span class='ocrx_word' id='word_1_354' title='bbox 574 3382 606 3435; x_wconf 88' lang='lat' dir='ltr'>ut</span> <span class='ocrx_word' id='word_1_355' title='bbox 624 3381 654 3434; x_wconf 87' lang='lat' dir='ltr'>et</span> <span class='ocrx_word' id='word_1_356' title='bbox 672 3379 725 3435; x_wconf 81' lang='lat' dir='ltr'>for·</span> <span class='ocrx_word' id='word_1_357' title='bbox 818 3388 859 3437; x_wconf 85' lang='grc'>16.</span> <span class='ocrx_word' id='word_1_358' title='bbox 878 3386 950 3437; x_wconf 77' lang='lat' dir='ltr'>iuter</span> <span class='ocrx_word' id='word_1_359' title='bbox 968 3398 1042 3450; x_wconf 79' lang='lat' dir='ltr'>suos,</span> <span class='ocrx_word' id='word_1_360' title='bbox 1060 3382 1091 3435; x_wconf 90' lang='lat' dir='ltr'>in</span> <span class='ocrx_word' id='word_1_361' title='bbox 1110 3382 1201 3437; x_wconf 88' lang='grc'><strong>1611161</strong></span> <span class='ocrx_word' id='word_1_362' title='bbox 1214 3382 1341 3451; x_wconf 83' lang='lat' dir='ltr'>Heimat;</span> 
     </span>
     <span class='ocr_line' id='line_1_39' title="bbox 168 3398 1340 3531; baseline 0.003 -27"><span class='ocrx_word' id='word_1_363' title='bbox 168 3398 727 3531; x_wconf 57' lang='grc' dir='ltr'><strong>1111116111616161611616ω61161</strong></span> <span class='ocrx_word' id='word_1_364' title='bbox 780 3453 838 3522; x_wconf 82' lang='lat' dir='ltr'>vgl.</span> <span class='ocrx_word' id='word_1_365' title='bbox 857 3453 902 3507; x_wconf 90' lang='lat' dir='ltr'>die</span> <span class='ocrx_word' id='word_1_366' title='bbox 921 3453 1032 3522; x_wconf 72' lang='lat' dir='ltr'>haufige</span> <span class='ocrx_word' id='word_1_367' title='bbox 1051 3452 1163 3507; x_wconf 80' lang='lat' dir='ltr'>Formel</span> <span class='ocrx_word' id='word_1_368' title='bbox 1183 3453 1257 3508; x_wconf 88' lang='lat' dir='ltr'>inter</span> <span class='ocrx_word' id='word_1_369' title='bbox 1276 3471 1340 3509; x_wconf 89' lang='lat' dir='ltr'>suos</span> 
     </span>
     <span class='ocr_line' id='line_1_40' title="bbox 169 3520 1198 3590; baseline 0.003 -15"><span class='ocrx_word' id='word_1_370' title='bbox 169 3521 393 3590; x_wconf 82' lang='lat' dir='ltr'>Rechtssprache</span> <span class='ocrx_word' id='word_1_371' title='bbox 411 3521 468 3574; x_wconf 86' lang='lat' dir='ltr'>und</span> <span class='ocrx_word' id='word_1_372' title='bbox 480 3520 516 3576; x_wconf 90' lang='lat' dir='ltr'>be</span> <span class='ocrx_word' id='word_1_373' title='bbox 551 3520 726 3577; x_wconf 80' lang='grc'><strong>611111616-</strong></span> <span class='ocrx_word' id='word_1_374' title='bbox 780 3523 883 3578; x_wconf 88' lang='lat' dir='ltr'>nobilis</span> <span class='ocrx_word' id='word_1_375' title='bbox 901 3549 935 3568; x_wconf 92' lang='lat'><em>=</em></span> <span class='ocrx_word' id='word_1_376' title='bbox 954 3523 1031 3577; x_wconf 90' lang='lat' dir='ltr'>domi</span> <span class='ocrx_word' id='word_1_377' title='bbox 1049 3539 1115 3578; x_wconf 89' lang='lat' dir='ltr'>suae</span> <span class='ocrx_word' id='word_1_378' title='bbox 1133 3525 1198 3578; x_wconf 91' lang='lat' dir='ltr'>nob.</span> 
     </span>
     <span class='ocr_line' id='line_1_41' title="bbox 169 3590 1341 3661; baseline 0.004 -17"><span class='ocrx_word' id='word_1_379' title='bbox 169 3590 240 3645; x_wconf 82' lang='lat' dir='ltr'>aiale</span> <span class='ocrx_word' id='word_1_380' title='bbox 258 3590 315 3644; x_wconf 90' lang='lat' dir='ltr'>und</span> <span class='ocrx_word' id='word_1_381' title='bbox 335 3590 491 3646; x_wconf 86' lang='lat' dir='ltr'>materielle</span> <span class='ocrx_word' id='word_1_382' title='bbox 533 3592 639 3646; x_wconf 83' lang='lat' dir='ltr'>xistena</span> <span class='ocrx_word' id='word_1_383' title='bbox 658 3593 726 3661; x_wconf 87' lang='lat' dir='ltr'>jem.</span> <span class='ocrx_word' id='word_1_384' title='bbox 818 3599 859 3649; x_wconf 85' lang='lat'>19.</span> <span class='ocrx_word' id='word_1_385' title='bbox 879 3594 995 3660; x_wconf 74' lang='lat' dir='ltr'>alierum,</span> <span class='ocrx_word' id='word_1_386' title='bbox 1007 3593 1072 3648; x_wconf 89' lang='lat' dir='ltr'>dem</span> <span class='ocrx_word' id='word_1_387' title='bbox 1081 3594 1258 3648; x_wconf 85' lang='lat' dir='ltr'>necessarius</span> <span class='ocrx_word' id='word_1_388' title='bbox 1272 3595 1341 3649; x_wconf 88' lang='lat' dir='ltr'>oder</span> 
     </span>
     <span class='ocr_line' id='line_1_42' title="bbox 169 3660 1340 3735; baseline 0.005 -20"><span class='ocrx_word' id='word_1_389' title='bbox 169 3661 199 3715; x_wconf 91' lang='lat' dir='ltr'>in</span> <span class='ocrx_word' id='word_1_390' title='bbox 218 3660 287 3716; x_wconf 85' lang='lat' dir='ltr'>sich.</span> <span class='ocrx_word' id='word_1_391' title='bbox 780 3663 954 3734; x_wconf 88' lang='lat' dir='ltr'>propinquus</span> <span class='ocrx_word' id='word_1_392' title='bbox 976 3666 1237 3735; x_wconf 78' lang='lat' dir='ltr'>entgegengesetzt:</span> <span class='ocrx_word' id='word_1_393' title='bbox 1260 3664 1340 3721; x_wconf 88' lang='lat' dir='ltr'>nicht</span> 
     </span>
    </p>

    <p class='ocr_par' dir='ltr' id='par_1_10' title="bbox 168 3732 1340 3942">
     <span class='ocr_line' id='line_1_43' title="bbox 207 3732 933 3801; baseline 0.006 -16"><span class='ocrx_word' id='word_1_394' title='bbox 207 3738 231 3785; x_wconf 93' lang='grc'>6.</span> <span class='ocrx_word' id='word_1_395' title='bbox 250 3737 322 3801; x_wconf 72' lang='lat' dir='ltr'>temp.</span> <span class='ocrx_word' id='word_1_396' title='bbox 340 3732 519 3801; x_wconf 83' lang='lat' dir='ltr'>turpissimus</span> <span class='ocrx_word' id='word_1_397' title='bbox 537 3732 573 3786; x_wconf 87' lang='lat' dir='ltr'>ad</span> <span class='ocrx_word' id='word_1_398' title='bbox 591 3732 679 3786; x_wconf 83' lang='lat' dir='ltr'>vitam</span> <span class='ocrx_word' id='word_1_399' title='bbox 698 3736 727 3788; x_wconf 91' lang='lat' dir='ltr'>et</span> <span class='ocrx_word' id='word_1_400' title='bbox 779 3733 933 3790; x_wconf 79' lang='lat' dir='ltr'>verwandt.</span> 
     </span>
     <span class='ocr_line' id='line_1_44' title="bbox 169 3802 1339 3875; baseline 0.003 -19"><span class='ocrx_word' id='word_1_401' title='bbox 169 3817 270 3870; x_wconf 87' lang='lat' dir='ltr'>mores,</span> <span class='ocrx_word' id='word_1_402' title='bbox 287 3803 492 3857; x_wconf 87' lang='lat' dir='ltr'>sordidissimus</span> <span class='ocrx_word' id='word_1_403' title='bbox 508 3802 544 3856; x_wconf 91' lang='lat' dir='ltr'>ad</span> <span class='ocrx_word' id='word_1_404' title='bbox 558 3803 726 3873; x_wconf 82' lang='lat' dir='ltr'>dignitatem</span> <span class='ocrx_word' id='word_1_405' title='bbox 816 3812 858 3860; x_wconf 79' lang='lat'>20.</span> <span class='ocrx_word' id='word_1_406' title='bbox 887 3811 931 3861; x_wconf 76' lang='lat'>21.</span> <span class='ocrx_word' id='word_1_407' title='bbox 962 3806 1053 3875; x_wconf 74' lang='lat' dir='ltr'>inquit</span> <span class='ocrx_word' id='word_1_408' title='bbox 1084 3805 1167 3861; x_wconf 88' lang='lat' dir='ltr'>beide</span> <span class='ocrx_word' id='word_1_409' title='bbox 1197 3805 1272 3858; x_wconf 88' lang='lat' dir='ltr'>Male</span> <span class='ocrx_word' id='word_1_410' title='bbox 1300 3821 1339 3859; x_wconf 88' lang='lat' dir='ltr'>sc.</span> 
     </span>
     <span class='ocr_line' id='line_1_45' title="bbox 168 3872 1340 3942; baseline 0.003 -15"><span class='ocrx_word' id='word_1_411' title='bbox 168 3872 280 3942; x_wconf 82' lang='lat' dir='ltr'>generis</span> <span class='ocrx_word' id='word_1_412' title='bbox 299 3875 327 3927; x_wconf 90' lang='grc'>61</span> <span class='ocrx_word' id='word_1_413' title='bbox 345 3872 459 3928; x_wconf 87' lang='lat' dir='ltr'>ordinis.</span> <span class='ocrx_word' id='word_1_414' title='bbox 779 3876 922 3931; x_wconf 87' lang='lat' dir='ltr'>Laterens.</span> <span class='ocrx_word' id='word_1_415' title='bbox 943 3876 996 3931; x_wconf 91' lang='lat' dir='ltr'>Die</span> <span class='ocrx_word' id='word_1_416' title='bbox 1006 3875 1340 3931; x_wconf 84' lang='lat' dir='ltr'>dazwischenstehenden</span> 
     </span>
    </p>

    <p class='ocr_par' dir='ltr' id='par_1_11' title="bbox 167 3943 1339 4228">
     <span class='ocr_line' id='line_1_46' title="bbox 206 3943 1339 4016; baseline 0.002 -18"><span class='ocrx_word' id='word_1_417' title='bbox 206 3950 230 3999; x_wconf 79' lang='lat'>⁷.</span> <span class='ocrx_word' id='word_1_418' title='bbox 249 3945 385 3999; x_wconf 75' lang='lat' dir='ltr'>oommrmc&#39;</span> <span class='ocrx_word' id='word_1_419' title='bbox 402 3960 496 4012; x_wconf 78' lang='lat' dir='ltr'>aemam,</span> <span class='ocrx_word' id='word_1_420' title='bbox 515 3945 588 3998; x_wconf 89' lang='lat' dir='ltr'>nach</span> <span class='ocrx_word' id='word_1_421' title='bbox 606 3943 656 3998; x_wconf 88' lang='lat' dir='ltr'>dar</span> <span class='ocrx_word' id='word_1_422' title='bbox 673 3945 725 3999; x_wconf 88' lang='lat' dir='ltr'>all·</span> <span class='ocrx_word' id='word_1_423' title='bbox 780 3947 861 4002; x_wconf 69' lang='grc'><strong>86116</strong></span> <span class='ocrx_word' id='word_1_424' title='bbox 880 3948 1027 4002; x_wconf 88' lang='lat' dir='ltr'>enthalten</span> <span class='ocrx_word' id='word_1_425' title='bbox 1044 3945 1090 4000; x_wconf 90' lang='lat' dir='ltr'>die</span> <span class='ocrx_word' id='word_1_426' title='bbox 1109 3946 1339 4016; x_wconf 81' lang='lat' dir='ltr'>Einwendungen</span> 
     </span>
     <span class='ocr_line' id='line_1_47' title="bbox 167 4014 981 4084; baseline 0.005 -16"><span class='ocrx_word' id='word_1_427' title='bbox 167 4014 316 4084; x_wconf 80' lang='lat' dir='ltr'>gemeinen</span> <span class='ocrx_word' id='word_1_428' title='bbox 334 4014 512 4082; x_wconf 84' lang='lat' dir='ltr'>Denkweise,</span> <span class='ocrx_word' id='word_1_429' title='bbox 536 4015 609 4084; x_wconf 84' lang='lat' dir='ltr'>dage</span> <span class='ocrx_word' id='word_1_430' title='bbox 630 4032 664 4069; x_wconf 91' lang='lat' dir='ltr'>en</span> <span class='ocrx_word' id='word_1_431' title='bbox 687 4016 726 4071; x_wconf 87' lang='lat' dir='ltr'>ist</span> <span class='ocrx_word' id='word_1_432' title='bbox 780 4017 828 4071; x_wconf 89' lang='lat' dir='ltr'>des</span> <span class='ocrx_word' id='word_1_433' title='bbox 849 4017 981 4073; x_wconf 86' lang='lat' dir='ltr'>Redners.</span> 
     </span>
     <span class='ocr_line' id='line_1_48' title="bbox 168 4085 1338 4158; baseline 0.003 -20"><span class='ocrx_word' id='word_1_434' title='bbox 168 4100 240 4141; x_wconf 82' lang='lat' dir='ltr'>sene.</span> <span class='ocrx_word' id='word_1_435' title='bbox 269 4103 369 4142; x_wconf 88' lang='lat' dir='ltr'>comm.</span> <span class='ocrx_word' id='word_1_436' title='bbox 399 4086 449 4139; x_wconf 88' lang='lat' dir='ltr'>das</span> <span class='ocrx_word' id='word_1_437' title='bbox 478 4085 618 4141; x_wconf 85' lang='lat' dir='ltr'>Schicklic</span> <span class='ocrx_word' id='word_1_438' title='bbox 659 4085 725 4140; x_wconf 89' lang='grc'><strong>6111-</strong></span> <span class='ocrx_word' id='word_1_439' title='bbox 815 4093 858 4144; x_wconf 75' lang='lat'>22.</span> <span class='ocrx_word' id='word_1_440' title='bbox 877 4089 964 4158; x_wconf 78' lang='lat' dir='ltr'>Erpo.</span> <span class='ocrx_word' id='word_1_441' title='bbox 1002 4089 1093 4143; x_wconf 87' lang='lat' dir='ltr'>Wenn</span> <span class='ocrx_word' id='word_1_442' title='bbox 1112 4089 1238 4143; x_wconf 84' lang='lat' dir='ltr'>Freimut</span> <span class='ocrx_word' id='word_1_443' title='bbox 1255 4090 1338 4144; x_wconf 69' lang='lat' dir='ltr'>tiber-</span> 
     </span>
     <span class='ocr_line' id='line_1_49' title="bbox 167 4155 1336 4228; baseline 0.003 -18"><span class='ocrx_word' id='word_1_444' title='bbox 167 4155 273 4224; x_wconf 61' lang='grc'><strong>161611,</strong></span> <span class='ocrx_word' id='word_1_445' title='bbox 292 4157 342 4212; x_wconf 87' lang='lat' dir='ltr'>der</span> <span class='ocrx_word' id='word_1_446' title='bbox 361 4156 442 4211; x_wconf 86' lang='lat' dir='ltr'>Takt.</span> <span class='ocrx_word' id='word_1_447' title='bbox 778 4159 869 4228; x_wconf 89' lang='lat' dir='ltr'>haupt</span> <span class='ocrx_word' id='word_1_448' title='bbox 895 4159 977 4214; x_wconf 87' lang='lat' dir='ltr'>nicht</span> <span class='ocrx_word' id='word_1_449' title='bbox 1003 4175 1037 4212; x_wconf 85' lang='lat' dir='ltr'>zu</span> <span class='ocrx_word' id='word_1_450' title='bbox 1065 4161 1196 4228; x_wconf 83' lang='lat' dir='ltr'>ertragen</span> <span class='ocrx_word' id='word_1_451' title='bbox 1222 4159 1271 4226; x_wconf 89' lang='lat' dir='ltr'>ist,</span> <span class='ocrx_word' id='word_1_452' title='bbox 1304 4176 1336 4213; x_wconf 89' lang='lat' dir='ltr'>so</span> 
     </span>
    </p>

    <p class='ocr_par' dir='ltr' id='par_1_12' title="bbox 166 4226 1338 4369">
     <span class='ocr_line' id='line_1_50' title="bbox 204 4226 1338 4299; baseline 0.001 -18"><span class='ocrx_word' id='word_1_453' title='bbox 204 4232 228 4281; x_wconf 89' lang='lat'>8.</span> <span class='ocrx_word' id='word_1_454' title='bbox 252 4229 481 4284; x_wconf 72' lang='lat' dir='ltr'>commendatione</span> <span class='ocrx_word' id='word_1_455' title='bbox 502 4233 628 4282; x_wconf 79' lang='lat' dir='ltr'>calmae.</span> <span class='ocrx_word' id='word_1_456' title='bbox 669 4226 726 4282; x_wconf 87' lang='lat' dir='ltr'>Der</span> <span class='ocrx_word' id='word_1_457' title='bbox 779 4228 844 4283; x_wconf 74' lang='lat' dir='ltr'>dart</span> <span class='ocrx_word' id='word_1_458' title='bbox 873 4231 946 4284; x_wconf 88' lang='lat' dir='ltr'>auch</span> <span class='ocrx_word' id='word_1_459' title='bbox 973 4230 1019 4284; x_wconf 90' lang='lat' dir='ltr'>die</span> <span class='ocrx_word' id='word_1_460' title='bbox 1045 4229 1264 4299; x_wconf 80' lang='lat' dir='ltr'>Freimfitigkeit</span> <span class='ocrx_word' id='word_1_461' title='bbox 1288 4228 1338 4283; x_wconf 82' lang='grc'><strong>(161</strong></span> 
     </span>
     <span class='ocr_line' id='line_1_51' title="bbox 166 4296 1338 4369; baseline 0.003 -19"><span class='ocrx_word' id='word_1_462' title='bbox 166 4296 308 4353; x_wconf 86' lang='lat' dir='ltr'>Deutsche</span> <span class='ocrx_word' id='word_1_463' title='bbox 318 4301 383 4369; x_wconf 81' lang='lat' dir='ltr'>sagt</span> <span class='ocrx_word' id='word_1_464' title='bbox 391 4298 477 4354; x_wconf 73' lang='lat' dir='ltr'>blois:</span> <span class='ocrx_word' id='word_1_465' title='bbox 493 4298 538 4353; x_wconf 89' lang='lat' dir='ltr'>die</span> <span class='ocrx_word' id='word_1_466' title='bbox 549 4297 666 4354; x_wconf 84' lang='lat' dir='ltr'>Stimme</span> <span class='ocrx_word' id='word_1_467' title='bbox 676 4297 725 4352; x_wconf 89' lang='lat' dir='ltr'>der</span> <span class='ocrx_word' id='word_1_468' title='bbox 779 4299 887 4369; x_wconf 63' lang='lat' dir='ltr'>Later„</span> <span class='ocrx_word' id='word_1_469' title='bbox 916 4300 971 4354; x_wconf 88' lang='lat' dir='ltr'>mit</span> <span class='ocrx_word' id='word_1_470' title='bbox 996 4300 1119 4355; x_wconf 86' lang='lat' dir='ltr'>welcher</span> <span class='ocrx_word' id='word_1_471' title='bbox 1149 4317 1178 4355; x_wconf 89' lang='lat' dir='ltr'>er</span> <span class='ocrx_word' id='word_1_472' title='bbox 1210 4299 1256 4354; x_wconf 88' lang='grc'><strong>(116</strong></span> <span class='ocrx_word' id='word_1_473' title='bbox 1289 4300 1338 4354; x_wconf 87' lang='grc'><strong>(161</strong></span> 
     </span>
    </p>
   </div>
   <div class='ocr_carea' id='block_1_5' title="bbox 1086 4388 1125 4440">
    <p class='ocr_par' dir='ltr' id='par_1_13' title="bbox 1086 4388 1125 4440">
     <span class='ocr_line' id='line_1_52' title="bbox 1086 4388 1125 4440; baseline 0 -19"><span class='ocrx_word' id='word_1_474' title='bbox 1086 4388 1125 4440; x_wconf 57' lang='grc' dir='ltr'>,β</span> 
     </span>
    </p>
   </div>
   <div class='ocr_carea' id='block_1_6' title="bbox 0 0 1546 4842">
    <p class='ocr_par' dir='ltr' id='par_1_14' title="bbox 0 0 1546 4842">
     <span class='ocr_line' id='line_1_53' title="bbox 0 0 1546 4842; baseline 0 3"><span class='ocrx_word' id='word_1_475' title='bbox 0 0 1546 4842; x_wconf 95' lang='lat' dir='ltr'> </span> 
     </span>
    </p>
   </div>
  </div>
 </body>
</html>
