3084 4842
198 200 243 264 48
546 198 617 253 PRO
637 197 693 252 CN.
713 195 871 252 PLANCIO
892 195 1032 252 ORATIO.

200 384 301 446 socer,
324 361 360 426 Τ.
383 360 576 445 Torquatus,
599 359 688 425 omni
710 360 758 422 illi
782 363 815 423 et
838 358 959 422 virtute
983 363 1015 422 et
1037 359 1132 423 laude
1154 382 1223 443 par,
1247 359 1302 443 qui
1325 366 1377 423 est

200 451 330 535 quidem
349 471 422 514 cum
445 450 503 514 illo
522 449 672 513 maximis
692 447 808 512 vinclis
829 451 861 511 et
879 447 1133 531 propinquitatis
1149 452 1182 512 et
1197 448 1375 512 adfinitatis

200 539 401 620 coniunctus,
420 538 476 601 sed
490 539 537 601 ita
551 536 679 623 magnis
695 537 825 618 amoris,
843 538 880 600 ut
899 536 976 600 illae
991 537 1240 601 necessitudinis
1259 558 1376 602 causae

201 629 289 693 leves
314 648 385 692 esse
407 626 586 690 videantur.
631 625 709 690 Fuit
730 625 765 689 in
789 623 887 690 Oreta
914 628 1030 708 postea
1058 626 1299 690 contubernalis
1323 624 1377 690 Sa·
1521 696 1522 707 ,

201 716 334 793 turnini,
356 714 527 799 propinqui
551 714 615 796 sui3
643 714 736 777 miles
759 713 856 777 haias
881 712 917 787 O.
941 712 1077 797 Metelli,
1104 715 1158 778 cui
1185 736 1258 778 cum
1280 714 1414 783 fuerits
1521 746 1523 778 !

201 804 452 889 probatissimus
479 803 639 887 hodieque
663 803 720 881 sit,
754 802 904 866 omnibus
928 823 999 866 esse
1024 823 1058 866 se
1081 803 1257 886 probatum
1282 804 1379 867 debet

203 896 343 977 sperare.
386 892 426 955 In
449 913 487 955 66
509 892 676 974 provincia
694 891 822 974 legatus
840 890 903 953 fuit
922 888 956 955 O.
970 887 1139 974 Sacerdos,
1162 913 1226 975 qua
1247 891 1378 974 virtute,

204 1003 268 1064 qua
292 981 478 1046 constantia
501 980 563 1044 vir!
591 979 626 1043 L.
650 977 795 1060 Flaccus,
818 979 874 1061 qui
896 978 1003 1062 homo,
1027 980 1082 1064 qui
1106 980 1200 1044 civis!
1224 981 1279 1064 qui
1301 1001 1378 1063 qua·

151 1070 194 1135 28
205 1071 269 1134 lem
305 1069 390 1134 hune
426 1072 543 1152 putent
579 1068 776 1132 adsiduitate
817 1067 1071 1152 testimonioque
1112 1067 1286 1132 declarant.
1340 1068 1378 1131 ln

205 1157 394 1222 Macedonia
416 1158 568 1221 tribunus
597 1156 737 1220 militum
760 1155 838 1238 fuit3
869 1156 904 1219 in
931 1156 1043 1221 eadem
1070 1156 1238 1240 provincia
1266 1161 1380 1240 postea
1401 1180 1434 1227 ro

158 1296 162 1303 .
206 1250 366 1329 quaestor.
412 1244 558 1309 Primum
581 1244 772 1309 Macedonia
796 1244 842 1307 sic
866 1264 939 1308 eum
962 1244 1084 1330 diligit,
1111 1249 1149 1309 ut
1176 1245 1324 1309 indicant
1345 1244 1381 1307 hi

134 1354 136 1361 ’
204 1335 369 1417 principes
388 1333 555 1398 civitatum
576 1355 721 1416 suarum3
745 1332 895 1416 quicum
919 1333 1012 1397 missi
1035 1334 1100 1398 sint
1125 1334 1166 1398 ob
1191 1335 1288 1398 aliam
1311 1356 1382 1399 cau-

206 1445 292 1505 sam,
318 1426 429 1486 tamen
452 1423 547 1486 huius
574 1422 743 1504 repentino
770 1421 914 1504 periculo
944 1421 1099 1486 commoti
1121 1421 1198 1487 huic
1226 1422 1382 1505 adsident,

206 1533 266 1594 pro
289 1510 352 1575 hoc
374 1511 540 1592 laborant,
567 1511 641 1574 huic
666 1510 694 1574 si
716 1512 848 1593 praesto
872 1508 1007 1593 fuerint,
1035 1511 1161 1595 gratim
1186 1532 1219 1574 se
1243 1510 1381 1575 civitati-

207 1600 268 1664 bus
293 1600 360 1663 suis
379 1599 523 1663 facturos
542 1602 659 1682 putant
677 1619 775 1682 quam
795 1598 823 1661 si
841 1598 1041 1681 legationem
1060 1621 1153 1663 suam
1176 1603 1209 1664 et
1227 1599 1383 1665 mandata
1403 1623 1437 1673 15

208 1688 414 1754 confecerint.
447 1688 482 1751 L.
501 1708 576 1751 vero
595 1686 755 1769 Apuleias
772 1685 860 1750 hunc
882 1688 967 1750 tanti
985 1687 1071 1769 facit,
1094 1692 1131 1751 ut
1150 1709 1272 1752 morem
1291 1689 1384 1753 illum

208 1778 383 1854 maiorum,
411 1776 467 1860 qni
489 1776 683 1859 praescribit
710 1776 745 1838 iu
768 1778 940 1858 parentum
968 1775 1041 1841 laco
1065 1777 1288 1860 quaestoribus
1316 1778 1383 1840 suis

208 1868 376 1948 praetores
395 1886 465 1928 esse
485 1868 642 1946 oportere,
667 1863 784 1928 officiis
811 1864 1093 1950 benivolentiaque
1112 1866 1280 1949 superarit.
1314 1865 1383 1930 Tri-

209 1955 314 2017 bunus
334 1952 438 2035 plebis
457 1952 528 2034 fuit,
551 1974 618 2016 non
640 1952 782 2016 fortasse
805 1956 874 2017 tam
897 1953 1071 2020 vehemens
1096 1977 1193 2039 quam
1215 1955 1281 2038 isti,
1304 1977 1384 2040 quos

210 2045 247 2105 tu
265 2043 335 2105 iure
354 2040 476 2124 laudas,
495 2041 550 2105 sed
569 2044 654 2105 certe
672 2042 758 2124 talis,
782 2043 893 2126 quales
913 2042 941 2105 si
960 2065 1072 2109 omnes
1093 2066 1220 2129 semper
1237 2045 1385 2127 fuissent,
1404 2067 1440 2116 20

165 2180 170 2186 .
208 2129 588 2217 numqamdesideratus
612 2129 786 2194 vehemens
810 2135 897 2195 esset
919 2132 1077 2198 tribunus.

246 2308 272 2357 2.
285 2304 356 2357 aiae.
367 2305 598 2373 propinquitatis,
613 2305 654 2359 als
662 2304 771 2374 Vetter,
827 2304 883 2359 Oic.
901 2304 1042 2359 Konsulat
1063 2305 1105 2358 als
1123 2307 1223 2360 Prator
1247 2306 1294 2360 die
1318 2306 1386 2359 allo-

211 2375 375 2442 adfinitatis,
395 2373 695 2444 6168666663666666.
828 2373 995 2442 bragischen
1002 2375 1165 2429 Gesandteu
1176 2376 1312 2429 arretiert.
1331 2377 1385 2430 Pro

248 2452 272 2499 3.
299 2447 467 2500 mecseitada
495 2446 540 2501 die
567 2447 773 2501 freundschaft-
826 2446 917 2500 Praet.
943 2444 1107 2498 verwaltete
1141 2460 1172 2497 er
1200 2444 1315 2497 Cilicieu
1343 2448 1385 2496 als

211 2515 286 2570 liche
319 2516 493 2585 Beziehung,
525 2516 771 2585 Anhtnglichlreit.
827 2514 956 2580 Provina,
990 2530 1040 2567 aus
1068 2514 1189 2568 welcher
1220 2513 1279 2567 ihm
1306 2514 1386 2582 jener

247 2593 272 2640 4.
307 2585 355 2641 Oa.
384 2586 570 2656 Saturninus,
598 2588 655 2655 vgl.
684 2591 709 2653 8,
739 2592 772 2639 19
827 2582 938 2639 Proseis
958 2585 1089 2637 erwuchs.
1127 2583 1164 2637 Er
1186 2583 1282 2637 warde
1305 2583 1385 2638 indes

211 2676 239 2711 u.
254 2656 327 2711 Elinl.
347 2662 402 2723 66.
439 2659 477 2712 Er
492 2658 586 2713 diente
600 2658 653 2711 mit
667 2655 774 2710 seiuem
826 2654 1061 2724 freigesproohen.

211 2727 401 2783 Verwandten
420 2729 468 2784 On.
490 2729 620 2783 Plancius
638 2730 722 2781 anter
740 2725 771 2789 O.
863 2733 887 2782 9.
908 2726 1065 2781 adsiduitas
1084 2726 1156 2780 wird
1175 2725 1282 2780 erbldrt
1299 2726 1387 2779 durch

212 2798 389 2864 Metellus,
416 2800 538 2854 welches
565 2799 638 2852 nach
667 2799 773 2851 seinem
828 2797 1276 2867 66669666136666666ἰ61666ς
1300 2814 1329 2852 es
1351 2796 1389 2851 ist

214 2870 268 2924 mit
291 2870 507 2935 anscausus
530 2869 678 2939 gefuhrten
699 2867 772 2921 Kan·
828 2869 873 2924 die
893 2868 1086 2924 ausdauernde
1106 2867 1280 2938 Gegenwart.

214 2940 290 2994 salat
317 2955 342 2993 a.
366 2944 418 2994 666
445 2942 502 3010 (69)
530 2957 580 3009 pro
604 2938 722 2993 consule
748 2954 772 2991 a.
865 2941 905 2994 Ia
925 2940 1102 3005 Macedonia,
1120 2940 1176 3009 vgl.
1196 2939 1267 2993 Einl.
1286 2945 1300 3004 6
1316 2943 1339 2992 6.

215 3014 267 3063 666
294 3011 350 3078 (68)
378 3010 432 3064 den
455 3011 542 3079 Krieg
568 3027 604 3079 ge
625 3026 660 3063 en
688 3009 775 3064 Kreta
867 3017 908 3065 16.
927 3010 963 3062 L.
979 3012 1115 3078 Apuleias
1129 3011 1307 3066 Saturninae.
1331 3009 1388 3078 vgl.

214 3079 378 3146 ilbernahm,
404 3080 455 3134 ibn
473 3081 503 3134 in
522 3079 591 3135 zwei
604 3029 709 3133 iahren
728 3081 774 3134 be·
829 3080 902 3135 Einl.
923 3086 1014 3146 §tu
1034 3100 1068 3134 zu
1087 3087 1158 3145 699.

216 3150 316 3204 endete
335 3151 389 3219 (68.
405 3152 450 3219 67)
469 3170 496 3206 u.
517 3166 541 3203 a.
560 3157 594 3205 66
612 3150 776 3220 triumphie·
868 3158 909 3206 17.
933 3154 965 3205 ia
983 3157 1132 3220 parentum
1155 3153 1225 3217 toro,
1253 3149 1319 3204 weil
1340 3149 1390 3204 der

215 3221 285 3275 rend
303 3220 345 3274 als
360 3220 484 3274 Creticus
498 3221 680 3276 heimkehrte.
701 3220 776 3275 Viel·
833 3222 954 3287 Quastor
973 3224 1054 3275 anter
1068 3222 1118 3276 der
1128 3221 1248 3290 Leitung
1262 3221 1312 3273 des
1323 3219 1390 3276 Pra-

216 3290 305 3346 leicht
323 3293 379 3360 gab
400 3307 430 3344 er
446 3292 519 3361 jetat
540 3292 605 3345 dem
624 3290 672 3347 On.
693 3292 777 3346 Plan·
831 3294 877 3346 tor
895 3294 970 3347 scine
992 3291 1153 3346 dffentliche
1171 3292 1320 3347 Laufbahn
1342 3294 1390 3346 be·

217 3363 276 3416 cius
296 3360 346 3416 das
365 3360 548 3431 Ehrengeleit
570 3380 632 3416 aum
652 3363 777 3429 Gericht‚
832 3379 920 3433 gann;
942 3363 999 3432 vgl.
1022 3362 1085 3417 Div.
1109 3363 1139 3416 in
1161 3362 1239 3418 anc.
1264 3369 1327 3429 §61
1352 3364 1392 3417 sic

218 3432 285 3487 oder
313 3431 369 3486 sals
396 3434 479 3486 unter
511 3433 606 3487 seinen
634 3434 778 3487 Richtern.
833 3435 906 3489 enirn
922 3433 1391 3503 amaioribusnostrisaccepimns,

218 3501 284 3557 Scin
297 3502 387 3573 Legat
404 3501 434 3555 in
453 3502 516 3557 dem
532 3503 635 3574 Kriege
652 3522 710 3559 war
725 3505 780 3559 seit
832 3507 990 3576 praetorem
1019 3506 1162 3576 quaestori
1192 3521 1242 3560 suo
1266 3506 1393 3577 pareatis

218 3579 253 3628 66
273 3571 301 3628 O.
321 3572 504 3640 Sacerdos,
532 3577 653 3629 welcher
676 3592 701 3629 a.
725 3580 778 3631 680
833 3580 890 3631 loca
908 3593 962 3631 csse
980 3582 1109 3646 oportere.

217 3647 274 3713 (74)
302 3644 467 3713 Vorgduger
495 3645 544 3700 des
573 3645 601 3699 Ο.
621 3645 721 3700 Verres
748 3647 779 3699 in
870 3653 911 3701 19.
938 3664 1020 3716 quam
1038 3649 1087 3702 isti
1105 3648 1168 3701 sind
1187 3646 1232 3700 die
1250 3644 1393 3700 Tribunen

218 3716 269 3770 der
283 3715 381 3769 Prttur
400 3731 456 3769 von
470 3716 585 3771 Sicilien
598 3732 664 3770 war.
696 3715 779 3771 Auch
834 3719 884 3772 des
907 3718 1006 3772 Jabres
1030 3725 1077 3783 67,
1105 3736 1161 3773 von
1188 3718 1278 3772 denen
1306 3722 1322 3771 8
1349 3717 1394 3770 fiir

219 3787 250 3840 L.
265 3786 424 3852 Flaccus,
439 3786 566 3842 walchen
575 3788 673 3844 Ciain
688 3786 779 3842 einem
834 3789 890 3843 Cic.
920 3806 1022 3844 waren.
1068 3789 1158 3844 Unter
1190 3789 1286 3843 diesen
1318 3787 1394 3857 palst

219 3857 518 3925 Erpreasungsprozels
547 3875 638 3929 gagen
665 3858 699 3912 D.
728 3858 780 3912 Lt-
833 3860 984 3915 vehemens
1003 3860 1054 3914 anf
1064 3859 1095 3915 Τ.
1110 3858 1178 3914 Milo
1192 3878 1219 3914 u.
1234 3860 1263 3914 P.
1279 3859 1395 3928 Sestius,

218 3925 274 3980 lius
302 3942 327 3980 a.
351 3933 402 3982 696
426 3929 482 3996 (69)
510 3928 662 3998 verteidigt
690 3929 780 3996 hatte,
834 3930 898 3983 weil
918 3931 959 3985 sie
982 3931 1070 3985 durch
1089 3930 1327 4000 Stral'senlrdmpfe
1348 3929 1395 3984 die

219 4013 279 4050 war
303 3999 352 4053 des
375 3997 506 4054 Metellus
532 4000 623 4070 Legat
665 4016 782 4055 ewesen.
836 4000 1058 4069 asenberufung
1095 4002 1150 4057 Oic.
1190 4002 1395 4071 durchgesetzt.

219 4067 368 4144 lischdem
405 4087 435 4123 er
471 4071 553 4125 unter
585 4069 621 4151 P,
642 4016 783 4151 ¹{erviliae
836 4071 892 4140 vgl.
926 4071 998 4127 Einl.
1033 4079 1092 4138 62.
1144 4071 1207 4126 Von
1243 4072 1297 4126 den
1329 4072 1396 4128 Kol-

221 4140 312 4194 tata
329 4157 355 4195 a.
379 4146 430 4195 676
455 4142 512 4212 (76)
540 4141 568 4195 iu
593 4141 708 4196 Srcrlien
735 4158 783 4209 ge·
836 4143 920 4212 legen
939 4144 988 4198 des
1007 4144 1138 4198 Plancius
1159 4160 1209 4197 aus
1228 4143 1292 4197 dem
1310 4144 1396 4198 Jahre

222 4208 302 4265 dient
332 4230 359 4264 u.
388 4213 509 4278 Qudstor
536 4213 585 4267 des
613 4212 649 4267 M.
678 4213 783 4282 Pupius
824 4218 870 4269 ⁰56
890 4214 966 4284 passt
985 4216 1035 4269 das
1053 4212 1190 4269 Pradikat
1212 4214 1263 4267 auf
1284 4214 1395 4269 keinen.

222 4281 288 4336 Pisa
303 4299 441 4354 genesen,
460 4285 510 4339 der
528 4300 552 4339 a.
570 4290 622 4340 666
638 4285 694 4353 (69)
714 4286 784 4340 dher
836 4286 898 4340 Wir
929 4288 1041 4342 kennen
1072 4303 1127 4341 von
1156 4283 1251 4339 diesen
1283 4285 1337 4339 den
1364 4285 1396 4342 L.

225 4350 348 4419 Spanien
366 4354 574 4424 triumphierte,
598 4355 679 4411 hatte
703 4356 783 4411 erin
836 4356 974 4426 Racilius,
1007 4356 1089 4412 einen
1119 4355 1229 4410 Freund
1256 4356 1305 4411 des
1333 4356 1396 4412 Oce.
