3084 4842
194 206 236 269 60
371 241 374 246 -
529 204 602 257 PRO
623 203 679 258 CN.
698 202 857 257 PLANCIO
877 201 1024 256 ORATIO.

193 389 258 431 non
290 365 390 429 fuisse
423 365 593 450 fugiendos
625 366 763 429 tribules
796 365 872 429 huie
900 364 1034 447 iudices,
1066 363 1118 427 eui
1146 366 1362 447 quaesitorem

187 455 345 518 ‘tribulem
369 454 584 537 exoptandum
607 453 707 518 fuisse
730 454 875 518 videatis.

138 544 183 606 44
280 541 402 606 XVIII.
429 540 542 625 Neque
561 562 621 624 ego
640 564 724 606 nuno
743 542 914 606 consilium
933 538 1133 623 reprehendo
1152 543 1258 625 tuum,
1277 544 1363 626 quod

193 652 248 694 eas
271 631 386 712 tribus,
410 630 526 713 quibus
546 634 616 693 erat
638 630 693 694 hic
710 630 850 693 maxime
872 632 979 710 notus,
1002 650 1067 692 non
1090 629 1243 693 edideris:
1268 631 1362 695 seda

192 722 225 782 te
254 718 353 782 doceo
383 718 553 781 consilium
585 740 653 782 nou
685 721 850 782 servatum
883 720 1024 782 senatus.
1069 715 1200 780 Etenim
1229 719 1301 801 quis
1328 723 1399 783 tet

193 812 263 871 tum
282 806 407 869 audiret
425 806 555 870 illorum
575 810 631 870 aut
645 806 721 891 quid
737 806 880 871 diceres?
909 805 1156 888 Sequestremne
1170 805 1361 870 Plancium?

193 897 381 977 respuerent
399 916 502 977 aures,
520 915 614 959 nemo
630 898 831 980 agnosceret.
859 893 912 958 An
931 893 1132 978 gratiosum?
1155 893 1203 956 illi
1221 894 1361 958 libenter

193 983 356 1065 audirent,
372 1050 373 1055 ,
388 1004 448 1046 nos
480 1005 546 1046 non
577 984 688 1047 timide
721 983 956 1048 confiteremur.
1009 979 1085 1045 Noli
1118 981 1204 1045 enim
1237 986 1361 1067 putare,

192 1071 387 1152 Laterensis,
404 1070 533 1154 legibus
547 1071 630 1154 istis,
644 1093 724 1155 quas
740 1075 872 1136 senatus
887 1070 926 1134 de
941 1069 1066 1135 ambitu
1082 1069 1199 1134 sanciri
1213 1071 1361 1154 voluerit,

192 1160 225 1223 id
249 1181 318 1224 esse
342 1162 456 1241 actum,
479 1162 515 1222 ut
539 1160 737 1243 suffragatio,
760 1164 797 1224 ut
815 1158 1031 1237 observantia,
1054 1160 1091 1220 ut
1110 1159 1217 1242 gratia
1233 1160 1361 1225 tollere·
1380 1179 1414 1225 10

192 1250 253 1310 tur.
287 1246 420 1330 Semper
440 1247 571 1311 fuerunt
590 1249 651 1312 viri
669 1248 755 1329 boni,
779 1248 833 1331 qui
856 1247 940 1331 apud
963 1246 1099 1310 tribules
1125 1268 1200 1310 snos
1224 1247 1360 1331 gratiosi

138 1335 183 1400 45
193 1356 264 1399 esse
286 1336 416 1400 vellent.
456 1335 570 1419 Neque
597 1358 673 1400 vero
701 1341 769 1400 tam
798 1337 896 1400 durus
924 1337 958 1399 in
985 1335 1113 1418 plebem
1141 1339 1253 1401 noster
1281 1336 1359 1400 ordo

191 1423 268 1508 fuit,
295 1426 332 1488 ut
360 1446 430 1487 eam
458 1425 522 1489 coli
548 1428 662 1490 nostra
689 1424 816 1489 modica
843 1424 1038 1488 liberalitate
1066 1422 1222 1489 noluerit:
1254 1446 1359 1508 neque

191 1512 253 1576 hoc
280 1511 392 1575 liberis
423 1513 545 1576 nostris
576 1513 833 1577 interdicendum
862 1516 925 1597 est,
952 1534 993 1575 ne
1022 1512 1196 1577 observent
1222 1513 1359 1576 tribules

192 1622 280 1681 suos,
309 1623 349 1663 ue
377 1601 530 1686 diligant,
557 1624 598 1665 ne
622 1603 778 1667 conficere
805 1601 996 1669 necessariis
1026 1602 1092 1664 suis
1121 1622 1212 1665 suam
1240 1601 1360 1665 tribum
1383 1619 1415 1667 15

190 1689 328 1771 possint,
345 1710 386 1752 ne
404 1711 464 1772 par
483 1690 523 1753 ab
543 1690 583 1753 iis
603 1712 719 1754 munus
738 1691 774 1753 in
794 1712 852 1753 sua
869 1690 1026 1772 petitione
1046 1692 1243 1772 exspectent.
1271 1688 1362 1753 Haec

192 1776 279 1840 enim
301 1776 398 1859 plena
422 1781 497 1841 sunt
519 1777 632 1862 officii,
653 1779 751 1861 plena
775 1778 1014 1855 observantiae,
1038 1778 1135 1859 plena
1158 1777 1258 1842 etiam
1282 1777 1363 1842 anti·

193 1864 335 1946 quitatis.
367 1863 436 1929 Isto
455 1865 491 1928 in
510 1885 626 1949 genere
645 1869 678 1929 et
695 1866 815 1930 fuimus
835 1867 906 1948 ipsi,
931 1887 1003 1930 cum
1026 1865 1213 1930 ambitionis
1231 1870 1362 1930 nostrae

192 1956 339 2035 tempora
357 1953 577 2036 postulabant,
596 1958 628 2017 et
647 1954 846 2018 clarissimos
866 1955 951 2018 viros
971 1974 1041 2017 esse
1059 1953 1196 2021 vidimus
1217 1957 1249 2018 et
1266 1953 1363 2019 hodie

192 2061 261 2103 esse
284 2040 434 2105 volumus
458 2043 737 2126 quamplurimos
761 2043 932 2127 gratiosos.
972 2041 1160 2107 Decuriatio
1183 2042 1360 2127 tribulium,
1380 2058 1417 2109 20

192 2127 357 2211 discriptio
395 2131 519 2211 populi,
562 2131 718 2214 suffragia
756 2131 932 2215 largitione
969 2129 1118 2195 devincta
1154 2132 1361 2195 severitatem

191 2220 323 2280 senatus
343 2219 375 2279 et
392 2217 552 2282 bonorum
567 2220 712 2283 omnium
732 2218 816 2282 iram
835 2239 872 2282 ac
887 2219 1033 2282 dolorem
1052 2219 1244 2282 excitarunt.
1272 2218 1361 2284 Haec

191 2304 278 2387 doce,
296 2304 377 2369 haec
391 2305 510 2388 profer,
528 2307 591 2371 hue
604 2307 764 2391 incumbe,
777 2306 974 2388 Laterensis,
985 2307 1169 2371 decuriasse
1183 2307 1361 2389 Plancium,

191 2392 435 2476 conscripsisse,
463 2399 660 2476 sequestrem
686 2395 801 2476 fuisse,
829 2395 1073 2478 pronuntiasse,
1102 2395 1261 2459 divisisse:
1291 2400 1361 2458 tum

190 2481 332 2544 mirabor
353 2485 386 2544 te
409 2482 449 2546 iis
476 2484 574 2547 armis
597 2484 659 2565 uti,
688 2506 768 2567 quae
791 2482 853 2547 tibi
882 2485 934 2547 lex
958 2483 1069 2566 debat,
1095 2483 1244 2546 noluisse.
1291 2481 1359 2544 Tri·
1380 2498 1415 2547 25

190 2569 319 2632 bulibus
344 2570 431 2634 enim
453 2571 610 2635 iudicibus
634 2593 701 2635 non
724 2572 820 2636 modo
846 2572 1052 2636 severitatem
1076 2571 1222 2647 illorum,
1246 2570 1273 2633 si
1296 2570 1361 2633 ista

136 2657 266 2721 eavea
298 2661 386 2741 sunt,
422 2659 477 2722 sed
506 2681 546 2723 ne
574 2661 683 2723 vultus
711 2661 840 2744 quidem
867 2660 952 2726 ferre
980 2681 1158 2744 possemus.
1204 2658 1297 2723 Hane
1324 2660 1362 2722 tu

190 2746 349 2810 rationem
382 2769 454 2811 cum
491 2747 613 2832 fugeris
646 2769 782 2831 cumque
816 2771 870 2814 eos
903 2749 1026 2812 iudices
1058 2749 1178 2812 habere
1210 2747 1361 2827 nolueris,

190 2855 327 2917 quorum
354 2834 389 2898 in
415 2834 511 2898 huius
541 2837 658 2901 delicto
687 2858 760 2900 eum
794 2838 929 2901 scientia
957 2838 1139 2900 certissima
1171 2841 1241 2900 tum
1270 2835 1362 2900 dolor

190 2922 401 3004 gravissimus
430 2945 499 2987 esse
530 2924 690 3005 debuerit,
719 2925 795 3007 quid
824 2925 909 3008 apud
942 2924 1002 2988 hos
1031 2924 1130 3005 dices,
1158 2925 1213 3007 qui
1243 2925 1301 2987 abs
1330 2927 1361 2985 te
1381 2939 1415 2987 30
1523 2962 1533 2989 a

1513 488 1533 627 l

1531 720 1533 803 l

191 3180 252 3216 eum
286 3161 508 3216 dissimulatione
543 3162 639 3230 aliqua
672 3164 748 3232 cupi·
840 3170 881 3218 17.
901 3163 1086 3231 antiquitatis,
1105 3178 1136 3215 so
1150 3162 1227 3214 steht
1241 3160 1362 3228 antiqui-

190 3231 296 3287 ditatis.
802 3237 846 3289 tas
861 3233 903 3287 oft
917 3249 971 3287 von
986 3232 1035 3284 der
1044 3233 1157 3300 „gutem
1172 3230 1250 3286 alten
1262 3230 1363 3288 aitte.

226 3309 250 3357 t.
270 3303 417 3357 consillum
436 3307 547 3357 senates
568 3301 686 3357 umfafst
704 3302 749 3359 dis
840 3309 882 3359 18.
901 3303 1060 3358 ambitionis
1077 3307 1186 3357 cosmoe
1199 3310 1277 3371 temp.
1305 3303 1363 3357 Das

190 3373 295 3428 Motive
323 3373 371 3427 des
400 3373 541 3441 Gesetaes,
573 3389 629 3428 von
660 3373 750 3431 denen
805 3375 947 3429 eruthnte
969 3373 1126 3428 Verfuhren
1149 3374 1293 3442 empfiehlt
1314 3374 1362 3427 be·

190 3445 262 3499 oben
280 3450 295 3508 ξ
314 3449 356 3501 36.
375 3450 409 3498 37
428 3444 610 3512 gesprcchen.
805 3445 920 3501 scudem
948 3445 980 3510 Q.
1000 3443 1096 3498 Cicero
1123 3444 1229 3498 seinem
1255 3444 1362 3499 Bruder

226 3520 250 3568 6.
273 3519 340 3581 tem,
363 3532 400 3569 sc.
420 3513 445 3567 si
462 3512 597 3569 edidisscs
615 3531 670 3583 eas,
690 3515 750 3583 qui·
805 3515 842 3572 M.
861 3517 891 3570 in
910 3515 960 3569 der
974 3515 1079 3570 Schrit‘t
1097 3517 1131 3569 de
1148 3514 1284 3583 petitione
1299 3532 1363 3568 con·

190 3586 242 3639 bus
260 3585 308 3639 hic
326 3586 446 3639 maxime
465 3588 548 3639 notus
569 3587 625 3653 est,
649 3585 748 3641 tribus.
805 3588 920 3642 sulatus.
957 3586 1021 3655 Vgl.
1049 3587 1079 3640 in
1103 3586 1194 3653 bezug
1221 3585 1272 3640 auf
1296 3586 1362 3650 dec,

227 3660 251 3710 t.
274 3661 429 3725 respuerent
452 3672 540 3710 aeres.
577 3654 629 3710 Die
654 3658 749 3712 starke
803 3659 903 3724 deser„
926 3674 995 3726 seq,
1018 3661 1166 3725 procreet,
1191 3671 1292 3710 censer
1317 3655 1362 3711 die

190 3726 338 3796 Metapher
356 3726 521 3781 wiederholt
539 3727 600 3781 sich
618 3728 664 3782 bei
683 3727 748 3795 Cic,
804 3728 880 3781 Itinl.
898 3734 912 3792 ξ
928 3734 961 3781 12
977 3744 1017 3796 sq.

191 3815 213 3851 z.
223 3798 254 3852 B.
270 3798 337 3852 Sall.
353 3803 415 3862 §70
435 3797 512 3851 cuius
530 3815 610 3853 aures
624 3815 749 3867 unquam
840 3804 882 3851 21.
909 3801 988 3866 suffr.
1013 3800 1081 3866 terp.
1104 3798 1161 3851 dee.
1186 3795 1236 3851 das
1258 3795 1361 3851 Partic.

190 3869 244 3922 hoe
263 3869 436 3937 respuerunt.
467 3869 604 3923 Bemerke
623 3868 667 3923 die
686 3887 750 3937 par·
803 3869 842 3923 ist
860 3869 950 3924 durch
968 3869 1013 3923 ein
1028 3869 1118 3922 Subst.
1134 3885 1168 3920 au
1186 3867 1360 3931 tiberseteem

191 3940 275 3991 weise
298 3938 470 4007 gecrdneten
495 3939 679 4008 Gegensttze:
708 3956 750 3994 re·
804 3940 996 4007 „Knechtung
1048 3939 1097 3993 der
1149 3935 1362 3992 Stimmfreiheit

192 4024 282 4077 spuer.
320 4023 378 4062 aur.
418 4041 449 4048 -
488 4011 630 4075 audireut3
667 4027 749 4064 nemo
805 4011 894 4064 durch
912 4010 1115 4078 Bestechung.“

191 4096 304 4149 agnem.
324 4110 358 4118 -
377 4096 428 4133 nos
446 4096 503 4133 non
520 4080 580 4134 tim.
601 4081 723 4135 confiter.
840 4087 882 4134 24.
916 4085 974 4135 tem
1004 4081 1138 4144 mirabor,
1170 4096 1207 4132 se.
1236 4093 1307 4145 quae
1339 4076 1363 4129 si

227 4155 251 4203 9.
275 4151 377 4218 tepidae
399 4152 468 4205 ister.
504 4136 580 4205 iiber
603 4151 648 4205 die
671 4151 750 4219 leges
805 4150 941 4206 docueris.

192 4220 225 4274 de
244 4219 353 4275 ambitu
371 4221 427 4289 vgl.
447 4222 560 4276 EinleIt.
580 4227 723 4287 §lc-18.
840 4228 882 4276 26.
915 4224 985 4286 ista,
1022 4237 1059 4274 se.
1091 4218 1262 4286 decuriasse,
1298 4235 1363 4274 con-

228 4296 269 4344 14.
288 4309 322 4346 ae
340 4306 395 4346 von
413 4291 579 4347 interdicere
597 4292 749 4363 abhangig.
804 4292 947 4361 scripsisse
966 4308 989 4346 c.
1009 4290 1161 4345 Plancium.

228 4365 270 4414 15.
289 4363 381 4429 coepte.
401 4365 464 4419 trib.
483 4364 540 4433 vgl.
559 4362 631 4420 Einl.
650 4368 665 4428 ξ
682 4369 724 4418 12.
840 4369 884 4419 30.
913 4363 990 4432 apud
1011 4363 1070 4428 tos,
1094 4377 1130 4416 se.
1149 4359 1269 4427 iudices,
1293 4376 1362 4427 quos

1520 3572 1533 3603 a
