3084 4842
545 174 622 230 cAP.
646 180 759 229 11-12.
792 179 939 239 sar-30.
1281 172 1325 235 49

246 338 317 403 XII.
342 336 466 401 Omitto
490 336 556 419 illa,
577 357 657 419 quae
681 335 708 399 si
732 336 839 399 minus
863 335 898 398 in
921 356 1039 398 scaena
1062 336 1151 414 sunt,
1175 337 1209 396 at
1232 335 1380 414 certe,29

155 450 231 493 cum
254 430 331 491 sunt
352 426 494 508 prolata,
517 424 703 505 laudantur,
727 426 764 486 ut
786 424 876 488 vivat
898 444 971 486 cum
995 423 1070 500 suis,
1093 422 1233 504 primum
1257 434 1329 484 cum

156 517 291 600 parente
318 551 354 560 —
380 535 457 577 nam
480 534 552 576 meo
577 512 694 575 iudicio
718 512 824 594 pietas
836 510 1089 574 ‘fundamentum
1113 514 1162 573 est
1185 510 1330 575 omnium

159 605 315 668 virtutum
345 638 401 684 -,
434 622 528 683 quem
560 603 688 664 veretur
718 604 755 663 ut
785 599 879 662 deum
909 635 946 644 —
977 620 1079 681 neque
1109 598 1194 662 enim
1226 599 1329 663 multo

123 710 140 759 o
161 712 252 757 secus
276 694 326 754 est
343 710 459 773 pareus
478 689 588 752 liberis
603 723 656 770 -,
681 691 769 751 amat
791 709 867 752 vero
891 690 928 749 ut
951 686 1107 769 sodalem,
1130 689 1167 749 ut
1188 686 1331 768 fratrem,

160 783 197 844 ut
225 778 402 861 aequalem.
448 776 532 852 Quid
561 776 664 840 dicam
694 797 767 840 cum
795 779 926 859 patruo,
955 796 1027 839 oum
1056 775 1230 856 adfinibus,
1258 796 1330 838 cum

160 866 366 952 propinquis,
395 886 467 928 cum
494 865 556 929 hoc
585 862 643 928 On.
667 863 856 948 Saturnino,
884 864 1090 928 ornatissimo
1120 862 1211 926 viro?
1244 863 1332 926 cuius

163 957 318 1037 quantam
337 953 469 1018 honoris
489 953 584 1017 huius
604 952 814 1036 cupiditatem
834 952 934 1015 fuisse
958 951 1097 1034 creditis,
1121 973 1192 1015 eum
1216 951 1332 1015 videtis

165 1043 272 1106 luctus
303 1041 512 1105 societatem?
559 1040 642 1117 Quid
672 1041 711 1104 de
742 1062 793 1103 me
826 1040 943 1122 dicam,
976 1040 1030 1123 qui
1063 1039 1145 1103 mihi
1175 1039 1208 1103 iu
1237 1039 1333 1102 huius

110 1149 145 1197 10
164 1129 308 1213 periculo
332 1151 405 1193 reus
430 1151 499 1193 esse
522 1129 654 1193 videor?
684 1128 760 1213 quid
785 1130 823 1192 de
846 1128 897 1192 his
920 1131 971 1193 tot
993 1128 1076 1191 viris-
1094 1127 1230 1211 talibus,
1253 1149 1333 1210 quos

164 1219 280 1282 videtis
305 1221 395 1282 veste
418 1221 566 1281 mutata?
596 1219 703 1301 Atque
726 1217 807 1281 haec
831 1220 907 1280 sunt
928 1215 1055 1299 indicia,
1078 1216 1207 1298 iudices,
1231 1215 1335 1279 solida

166 1309 198 1370 et
221 1327 384 1390 expressa,
409 1306 489 1369 haec
518 1307 611 1389 signa
638 1305 812 1389 probitatis
840 1327 907 1369 non
934 1304 1043 1369 fucata
1070 1304 1192 1369 forensi
1220 1303 1336 1387 specie,

167 1394 221 1457 sed
248 1393 432 1458 domesticis
461 1394 569 1456 inusta
596 1394 682 1457 notis
705 1393 860 1458 veritatis.
906 1393 1037 1456 Futtilis
1066 1396 1116 1455 est
1143 1393 1200 1456 illa
1228 1414 1335 1456 occur-

168 1482 252 1545 satio
272 1484 305 1543 et
323 1480 481 1544 blanditia
501 1479 683 1563 popularis:
706 1480 891 1562 adspicitur,
914 1501 982 1543 non
1000 1483 1202 1561 attrectatur,
1226 1480 1337 1562 procul

113 1587 147 1637 15
167 1572 317 1651 apparet,
355 1588 421 1630 non
450 1567 621 1648 excutitur,
655 1570 735 1647 [non
762 1569 797 1630 in
826 1589 941 1630 manus
974 1568 1135 1646 sumitur}
1181 1566 1338 1631 Omnibus
1349 1569 1391 1632 30

167 1657 268 1740 igitur
291 1654 387 1718 rebus
412 1658 561 1719 ornatum
584 1654 750 1720 hominem
772 1658 841 1718 tam
865 1655 1004 1717 externis
1026 1675 1124 1737 quam
1143 1654 1339 1737 domesticis,

167 1845 316 1911 Lentulus,
345 1844 398 1898 den
426 1844 565 1899 Antistius
583 1845 672 1914 Vetus
699 1864 727 1899 u.

168 1918 198 1970 P.
214 1915 336 1969 Rutilius
350 1916 453 1984 Lupus,
472 1914 576 1970 Feiude
595 1911 644 1969 des
663 1915 727 1969 Clo-

169 1987 242 2053 dius,
273 1987 328 2038 den
352 1984 380 2039 C.
406 1987 473 2039 Cato
502 2005 526 2040 u.
553 1984 582 2040 (l.
607 1985 728 2052 Cassius,

168 2056 251 2111 beide
279 2057 325 2109 fiir
348 2055 468 2110 Clodius.
505 2054 661 2111 Laterensis
686 2073 727 2110 cr-

168 2128 266 2181 wtthut
292 2125 404 2182 freilich
433 2132 497 2191 ξπ
524 2128 572 2181 dee
593 2126 727 2195 Racilius,

168 2200 244 2251 kann
259 2198 326 2251 aber
343 2197 373 2249 in
392 2197 483 2250 seiner
497 2197 573 2251 Rode
592 2198 663 2251 auch
683 2197 728 2250 die

782 1844 844 1898 eine
863 1845 915 1898 mit
928 1846 993 1897 dem
1011 1845 1146 1913 angustus
1164 1861 1339 1914 genommen.

782 1914 834 1970 Die
848 1914 1012 1983 Magistrate
1033 1914 1195 1968 erschieuen
1212 1915 1293 1968 nicht
1310 1915 1340 1968 in

783 1986 833 2040 der
864 1988 933 2053 toga
963 1987 1122 2054 praetexta3
1155 1986 1200 2039 die
1233 1985 1340 2054 Burger

784 2057 856 2110 ohne
876 2056 952 2121 Amt,
970 2072 1052 2109 wenn
1071 2056 1111 2109 sie
1130 2056 1229 2110 audem
1249 2056 1340 2109 einem

783 2126 889 2181 Staude
921 2127 1001 2180 nicht
1026 2128 1212 2194 angehdrten,
1244 2127 1340 2193 legten

783 2196 829 2250 die
846 2199 915 2266 toga
929 2212 999 2265 ganz
1018 2196 1062 2250 ab.
1100 2197 1179 2250 Auch
1196 2195 1259 2249 liele
1276 2213 1341 2249 man

785 2267 916 2321 w'ahrend
953 2266 1003 2321 der
1039 2265 1201 2320 Traucraeit
1233 2265 1341 2334 Haupt-

783 2338 841 2391 und
855 2338 993 2391 Barthaar
1011 2338 1186 2405 uugeordnet
1198 2338 1340 2403 wachsen;

784 2407 841 2461 und
866 2425 924 2461 war
951 2424 1016 2460 man
1043 2425 1104 2460 aum
1128 2406 1239 2475 Tragen
1266 2408 1342 2461 einer

783 2481 853 2547 toga
870 2478 1041 2546 berechtigt,
1064 2493 1097 2530 so
1111 2480 1178 2546 trug
1195 2495 1261 2531 man
1280 2477 1341 2530 eine

785 2550 881 2615 altere,
900 2546 1020 2614 sordida,
1040 2548 1107 2601 oder
1125 2564 1224 2617 graue,
1244 2566 1291 2601 um
1311 2549 1340 2602 iu

785 2620 913 2687 squalore
932 2636 966 2672 au
980 2619 1048 2673 sein.
1074 2619 1181 2672 Durum
1195 2618 1343 2686 squalebat

170 2266 336 2336 Thotigkeit
367 2267 415 2320 des
443 2267 560 2337 rorigeu
588 2268 730 2322 Tribunen

170 2338 316 2406 gepriesen
347 2338 452 2404 haben,
485 2355 532 2391 um
564 2338 651 2392 durch
683 2338 729 2392 die

171 2407 729 2476 SchilderungderselhendieVerdieuste

171 2479 220 2533 des
238 2479 280 2531 Pl.
299 2496 347 2531 um
366 2477 422 2532 Cio.
442 2480 666 2533 herabzusetzen.

208 2554 231 2603 1.
251 2551 283 2603 ia
296 2564 395 2602 scaena
410 2574 443 2594 ει
456 2550 487 2602 in
505 2550 656 2618 conspectu
671 2567 728 2603 om·

171 2620 258 2673 nium.
294 2617 352 2671 Der
380 2619 527 2672 Ausdruclr
559 2622 596 2674 ist
623 2619 730 2689 speich-

171 2687 311 2742 wbrtlich.
344 2687 398 2740 Cic.
419 2705 461 2756 ep.
481 2689 516 2741 ad
526 2688 602 2743 Brut.
622 2695 646 2757 1,
665 2695 730 2757 9,2=

174 2758 239 2812 Tibi
261 2773 335 2810 nuno
358 2760 463 2836 populo
490 2760 519 2811 et
542 2776 672 2827 scaenae,
699 2763 732 2814 nt

174 2827 285 2894 dieitur,
304 2827 480 2906 servrendum
499 2832 549 2882 est.
569 2829 670 2910 dc,0r.
684 2829 732 2895 Ill,

174 2903 257 3034 ioli?
264 2938 270 2949 .
276 2899 599 3033 niudiddtldr,spdtldldiit
609 2915 732 3024 mEnliilres.

174 3038 240 3092 Hor.
260 3038 317 3091 Sat.
338 3044 362 3103 2,
380 3043 403 3105 1,
419 3043 465 3091 71:
498 3036 570 3101 Quin
592 3040 641 3093 ubi
664 3055 693 3092 se
706 3057 734 3094 ,a

173 3108 259 3177 vulgo
269 3110 298 3163 et
312 3124 413 3162 scaena
426 3108 456 3162 in
471 3111 578 3164 secreta
591 3113 733 3165 remorant

173 3180 262 3235 virtus
282 3182 311 3233 ct
329 3179 475 3246 sapientia.

210 3255 234 3302 3.
258 3251 350 3318 pictas
370 3249 430 3303 hier
454 3251 495 3303 als
519 3251 732 3304 fundamentum

175 3320 299 3373 omnium
325 3319 473 3387 virtutum3
502 3326 517 3386 ᾖ
539 3325 574 3374 80
601 3323 732 3375 voluntas

175 3394 258 3459 grata
275 3392 304 3442 in
322 3394 460 3458 parentes.

213 3465 254 3514 10.
273 3465 312 3514 tot
329 3461 522 3526 ebrietatibus,
541 3461 733 3529 asyndetisch3

176 3532 232 3598 vgl.
251 3547 278 3598 p.
299 3529 373 3585 (lael.
393 3536 407 3595 ξ
424 3536 458 3583 67
476 3531 522 3584 tot
539 3530 592 3583 viri
611 3546 643 3585 ac
661 3531 733 3585 tales

177 3602 328 3670 (Anhang).
528 3627 532 3634 ’
636 3670 642 3682 .

215 3674 256 3724 11.
286 3677 354 3724 ueste
380 3676 488 3725 mutatu
511 3696 545 3716 =
569 3671 734 3725 sordrdatos.

177 3740 235 3808 vgl.
254 3739 283 3791 in
301 3742 428 3807 squalore
447 3747 520 3807 921.
544 3744 650 3795 vestem
675 3758 734 3794 mu·

177 3811 239 3863 tare
263 3809 301 3862 ist
323 3811 372 3864 der
400 3812 566 3879 eigentliche
589 3811 736 3866 Ausdruolr

177 3880 222 3935 ihr
246 3879 352 3933 Trauer
374 3883 499 3950 anlagen.
542 3878 593 3936 Die
616 3885 660 3937 tot
682 3881 737 3936 viri

177 3950 251 4005 tales
269 3951 381 4016 hatten,
404 3969 451 4004 um
470 3951 499 4005 in
516 3952 623 4008 Trauer
641 3972 675 4006 zu
694 3970 735 4007 er-

178 4020 321 4088 soheiuen,
345 4021 390 4075 die
409 4022 504 4076 tunica
523 4024 576 4078 mit
599 4023 663 4076 dem
686 4040 736 4078 an-

178 4093 277 4160 gustus
307 4092 404 4146 olavus
432 4091 563 4162 ahgclegt
594 4094 651 4147 und
684 4094 737 4147 mit

179 4162 256 4216 einer
275 4162 421 4216 einfachen
439 4165 613 4230 vertauscht;
637 4163 737 4218 soweit

180 4231 220 4285 sic
239 4237 358 4286 senator.
374 4232 494 4288 Standes
508 4251 609 4301 waren,
629 4235 738 4288 austatt

180 4302 256 4355 einer
273 4302 370 4357 tunica
387 4305 439 4357 mit
458 4305 520 4357 dem
543 4303 617 4358 latus
641 4305 736 4358 clavus

234 4398 288 4440 010.
302 4401 347 4442 ΟΒ.
360 4401 418 4441 PRO
432 4402 570 4443 PLANCIO.
597 4404 617 4442 3.
627 4400 687 4443 Aufl.

786 2689 888 2771 civitas
913 2705 970 2771 ⁸pro
998 2687 1068 2770 Sest.
1097 2693 1112 2753 ἕ
1133 2694 1179 2756 32,
1212 2689 1343 2757 squalent

786 2901 897 2957 Trauer.
935 2904 964 2955 iu
986 2900 1081 2955 Vatrn.
1114 2906 1182 2966 530
1215 2918 1276 2969 sqq.
1311 2930 1341 2940 -

786 2970 842 3025 Dor
864 2989 927 3025 reus
949 2972 1017 3025 aber
1039 2972 1096 3025 und
1119 2972 1194 3025 aeine
1215 2972 1342 3026 Freunde

786 3043 888 3110 trugen
906 3042 1019 3095 Trauer.

821 3114 911 3168 solida
942 3117 968 3166 et
999 3128 1126 3180 cupressu
1162 3113 1247 3167 onere
1283 3129 1343 3166 ver-

786 3182 911 3250 bunden,
935 3199 965 3236 so
989 3182 1023 3236 de
1048 3182 1098 3237 Off.
1119 3190 1144 3251 3,
1164 3188 1237 3248 §69-
1261 3185 1342 3237 Tusc.

786 3259 812 3319 3,
831 3258 876 3318 §3
897 3253 960 3306 dem
985 3253 1168 3307 adumbratus
1191 3257 1343 3322 entgegen·

808 3326 901 3376 esetat.

787 3340 866 3445 812.
891 3410 949 3448 noa
976 3395 1031 3460 fue.
1060 3393 1164 3462 „Nicht
1195 3392 1345 3448 ausserlich

788 3463 971 3530 fibertducht,
1003 3465 1056 3518 wie
1088 3464 1133 3519 bei
1161 3464 1270 3517 Sachen
1297 3481 1345 3534 ge·

789 3533 907 3600 schieht,
926 3534 971 3587 die
985 3552 1046 3591 zum
1058 3535 1200 3589 Verkaufe
1219 3534 1269 3588 auf
1281 3535 1345 3590 dem

788 3601 898 3657 Markte
911 3603 1056 3660 bestimmt
1070 3605 1140 3672 sind,
1160 3605 1279 3658 sondern
1293 3606 1347 3658 mit

790 3674 855 3726 dem
886 3673 1004 3729 Zeichen
1041 3675 1090 3730 der
1121 3675 1254 3729 Echtheit
1285 3691 1345 3728 ver·

790 3745 889 3811 sehon,
916 3745 969 3800 wie
992 3763 1057 3800 man
1079 3745 1274 3815 Gegenstande
1298 3745 1346 3799 des

789 3814 904 3883 Hauses,
923 3816 971 3869 des
990 3817 1150 3870 dauernden
1164 3816 1296 3881 Besitzes‚
1315 3832 1345 3869 so

789 3885 842 3938 mit
869 3887 1087 3954 eingebrannten
1110 3890 1195 3941 notae
1220 3884 1347 3940 bezeich-

789 3958 863 4008 net.“
881 3956 1031 4027 (Anhang.)

828 4031 867 4078 13.
883 4028 985 4082 intesta.
999 4028 1110 4081 inurere
1120 4027 1209 4096 sigua,
1220 4027 1346 4094 Zeichen,

790 4096 944 4151 Merhmale
977 4097 1153 4152 einbrenneu.
1192 4129 1226 4137 —
1263 4099 1347 4151 Sonat

790 4167 872 4220 meist
882 4166 911 4220 iu
922 4169 1016 4222 iiblem
1026 4168 1119 4235 Sinne,
1133 4166 1346 4233 brandmarlren,

792 4253 822 4290 so
835 4237 865 4289 in
876 4236 936 4290 Cat.
952 4245 976 4305 1,
991 4243 1058 4303 913.
1077 4257 1129 4307 pro
1140 4238 1246 4292 Cluent.
1260 4242 1275 4302 5
1287 4241 1346 4292 129.

826 4310 978 4362 occursatio
1019 4313 1044 4362 et
1085 4309 1222 4362 blanditia
1260 4323 1348 4375 popu»

1118 4401 1135 4447 4
