<?xml version="1.0" encoding="UTF-8"?>
<!DOCTYPE html PUBLIC "-//W3C//DTD XHTML 1.0 Transitional//EN"
    "http://www.w3.org/TR/xhtml1/DTD/xhtml1-transitional.dtd">
<html xmlns="http://www.w3.org/1999/xhtml" xml:lang="en" lang="en">
 <head>
  <title>
</title>
<meta http-equiv="Content-Type" content="text/html;charset=utf-8" />
  <meta name='ocr-system' content='tesseract 3.04.00' />
  <meta name='ocr-capabilities' content='ocr_page ocr_carea ocr_par ocr_line ocrx_word'/>
</head>
<body>
  <div class='ocr_page' id='page_1' title='image "./cicerosredefrcn00landgoog_0090.png"; bbox 0 0 3084 4842; ppageno 0'>
   <div class='ocr_carea' id='block_1_1' title="bbox 540 193 1318 261">
    <p class='ocr_par' dir='ltr' id='par_1_1' title="bbox 540 193 1318 261">
     <span class='ocr_line' id='line_1_1' title="bbox 540 193 1318 261; baseline -0.005 -10"><span class='ocrx_word' id='word_1_1' title='bbox 540 196 617 251; x_wconf 80' lang='lat' dir='ltr'>CAP.</span> <span class='ocrx_word' id='word_1_2' title='bbox 633 201 747 251; x_wconf 74' lang='lat'>26-27.</span> <span class='ocrx_word' id='word_1_3' title='bbox 776 201 927 261; x_wconf 70' lang='lat' dir='ltr'>§oa—66.</span> <span class='ocrx_word' id='word_1_4' title='bbox 1277 193 1318 257; x_wconf 79' lang='grc'>79</span> 
     </span>
    </p>
   </div>
   <div class='ocr_carea' id='block_1_2' title="bbox 94 354 1372 2032">
    <p class='ocr_par' dir='ltr' id='par_1_2' title="bbox 94 354 1372 2032">
     <span class='ocr_line' id='line_1_2' title="bbox 143 354 1319 444; baseline -0.004 -17"><span class='ocrx_word' id='word_1_5' title='bbox 143 359 349 444; x_wconf 90' lang='lat' dir='ltr'>mehercule&#39;,</span> <span class='ocrx_word' id='word_1_6' title='bbox 376 359 494 442; x_wconf 91' lang='lat' dir='ltr'>inquit,</span> <span class='ocrx_word' id='word_1_7' title='bbox 518 357 567 422; x_wconf 75' lang='lat' dir='ltr'>‘ut</span> <span class='ocrx_word' id='word_1_8' title='bbox 591 357 719 441; x_wconf 85' lang='lat' dir='ltr'>opinor,</span> <span class='ocrx_word' id='word_1_9' title='bbox 743 379 782 420; x_wconf 83' lang='lat' dir='ltr'>ex</span> <span class='ocrx_word' id='word_1_10' title='bbox 805 354 938 421; x_wconf 87' lang='lat' dir='ltr'>Africa’.</span> <span class='ocrx_word' id='word_1_11' title='bbox 984 354 1118 420; x_wconf 89' lang='lat' dir='ltr'>XXVII.</span> <span class='ocrx_word' id='word_1_12' title='bbox 1149 355 1234 422; x_wconf 89' lang='lat' dir='ltr'>Huic</span> <span class='ocrx_word' id='word_1_13' title='bbox 1257 378 1319 441; x_wconf 82' lang='lat' dir='ltr'>ego</span> 
     </span>
     <span class='ocr_line' id='line_1_3' title="bbox 143 443 1319 529; baseline -0.006 -13"><span class='ocrx_word' id='word_1_14' title='bbox 143 453 210 516; x_wconf 90' lang='lat' dir='ltr'>iam</span> <span class='ocrx_word' id='word_1_15' title='bbox 239 448 448 515; x_wconf 89' lang='lat' dir='ltr'>stomachans</span> <span class='ocrx_word' id='word_1_16' title='bbox 474 445 656 510; x_wconf 75' lang='lat' dir='ltr'><strong>fastidiose:</strong></span> <span class='ocrx_word' id='word_1_17' title='bbox 684 445 801 509; x_wconf 73' lang='lat' dir='ltr'>‘Immo</span> <span class='ocrx_word' id='word_1_18' title='bbox 830 467 868 508; x_wconf 86' lang='lat' dir='ltr'>ex</span> <span class='ocrx_word' id='word_1_19' title='bbox 892 443 1030 529; x_wconf 84' lang='lat' dir='ltr'>Sicilia,’</span> <span class='ocrx_word' id='word_1_20' title='bbox 1053 446 1194 528; x_wconf 91' lang='lat' dir='ltr'>inquam.</span> <span class='ocrx_word' id='word_1_21' title='bbox 1236 445 1319 510; x_wconf 84' lang='lat' dir='ltr'>Tum</span> 
     </span>
     <span class='ocr_line' id='line_1_4' title="bbox 144 532 1319 623; baseline -0.005 -19"><span class='ocrx_word' id='word_1_22' title='bbox 144 539 292 623; x_wconf 91' lang='lat' dir='ltr'>quidam,</span> <span class='ocrx_word' id='word_1_23' title='bbox 325 537 417 621; x_wconf 84' lang='lat' dir='ltr'>quasi</span> <span class='ocrx_word' id='word_1_24' title='bbox 450 535 505 619; x_wconf 91' lang='lat' dir='ltr'>qui</span> <span class='ocrx_word' id='word_1_25' title='bbox 533 534 642 599; x_wconf 91' lang='lat' dir='ltr'>omnia</span> <span class='ocrx_word' id='word_1_26' title='bbox 675 534 784 598; x_wconf 87' lang='lat' dir='ltr'>sciret:</span> <span class='ocrx_word' id='word_1_27' title='bbox 819 533 937 608; x_wconf 70' lang='lat' dir='ltr'>‘Quid‘e</span> <span class='ocrx_word' id='word_1_28' title='bbox 969 537 1006 597; x_wconf 87' lang='lat' dir='ltr'>tu</span> <span class='ocrx_word' id='word_1_29' title='bbox 1038 532 1170 616; x_wconf 90' lang='lat' dir='ltr'>nescis,&#39;</span> <span class='ocrx_word' id='word_1_30' title='bbox 1203 534 1319 618; x_wconf 90' lang='lat' dir='ltr'>inquit,</span> 
     </span>
     <span class='ocr_line' id='line_1_5' title="bbox 144 620 1320 710; baseline -0.004 -18"><span class='ocrx_word' id='word_1_31' title='bbox 144 627 242 692; x_wconf 78' lang='lat' dir='ltr'>‘hunc</span> <span class='ocrx_word' id='word_1_32' title='bbox 267 629 472 710; x_wconf 74' lang='lat' dir='ltr'>quaestorem</span> <span class='ocrx_word' id='word_1_33' title='bbox 496 620 665 707; x_wconf 80' lang='lat' dir='ltr'>Syracusis</span> <span class='ocrx_word' id='word_1_34' title='bbox 688 620 823 686; x_wconf 76' lang='lat' dir='ltr'>firissel&#39;</span> <span class='ocrx_word' id='word_1_35' title='bbox 861 620 945 697; x_wconf 78' lang='lat' dir='ltr'>Quid</span> <span class='ocrx_word' id='word_1_36' title='bbox 969 621 1093 685; x_wconf 78' lang='lat' dir='ltr'>multa?</span> <span class='ocrx_word' id='word_1_37' title='bbox 1117 621 1227 686; x_wconf 90' lang='lat' dir='ltr'>destiti</span> <span class='ocrx_word' id='word_1_38' title='bbox 1253 626 1320 687; x_wconf 89' lang='lat' dir='ltr'>sto-</span> 
     </span>
     <span class='ocr_line' id='line_1_6' title="bbox 107 710 1237 795; baseline -0.005 -15"><span class='ocrx_word' id='word_1_39' title='bbox 107 731 123 780; x_wconf 77' lang='lat'><strong>5</strong></span> <span class='ocrx_word' id='word_1_40' title='bbox 144 714 292 780; x_wconf 89' lang='lat' dir='ltr'>machari</span> <span class='ocrx_word' id='word_1_41' title='bbox 315 718 348 779; x_wconf 87' lang='lat' dir='ltr'>et</span> <span class='ocrx_word' id='word_1_42' title='bbox 371 734 422 777; x_wconf 91' lang='lat' dir='ltr'>me</span> <span class='ocrx_word' id='word_1_43' title='bbox 446 733 548 775; x_wconf 89' lang='lat' dir='ltr'>unum</span> <span class='ocrx_word' id='word_1_44' title='bbox 571 732 610 775; x_wconf 82' lang='lat' dir='ltr'>ex</span> <span class='ocrx_word' id='word_1_45' title='bbox 632 711 673 775; x_wconf 90' lang='lat' dir='ltr'>iis</span> <span class='ocrx_word' id='word_1_46' title='bbox 696 711 772 792; x_wconf 88' lang='lat' dir='ltr'>feci,</span> <span class='ocrx_word' id='word_1_47' title='bbox 796 710 851 794; x_wconf 92' lang='lat' dir='ltr'>qui</span> <span class='ocrx_word' id='word_1_48' title='bbox 875 710 916 774; x_wconf 90' lang='lat' dir='ltr'>ad</span> <span class='ocrx_word' id='word_1_49' title='bbox 939 732 1040 795; x_wconf 87' lang='lat' dir='ltr'>aquas</span> <span class='ocrx_word' id='word_1_50' title='bbox 1064 711 1237 775; x_wconf 82' lang='lat' dir='ltr'>venissent.</span> 
     </span>
     <span class='ocr_line' id='line_1_7' title="bbox 234 798 1372 883; baseline -0.004 -16"><span class='ocrx_word' id='word_1_51' title='bbox 234 802 297 868; x_wconf 81' lang='lat' dir='ltr'>Sed</span> <span class='ocrx_word' id='word_1_52' title='bbox 325 824 363 866; x_wconf 87' lang='lat' dir='ltr'>ea</span> <span class='ocrx_word' id='word_1_53' title='bbox 391 822 457 879; x_wconf 91' lang='lat' dir='ltr'>res,</span> <span class='ocrx_word' id='word_1_54' title='bbox 488 799 624 881; x_wconf 92' lang='lat' dir='ltr'>iudices,</span> <span class='ocrx_word' id='word_1_55' title='bbox 656 798 742 863; x_wconf 88' lang='lat' dir='ltr'>haud</span> <span class='ocrx_word' id='word_1_56' title='bbox 770 800 837 863; x_wconf 91' lang='lat' dir='ltr'>scio</span> <span class='ocrx_word' id='word_1_57' title='bbox 866 819 908 861; x_wconf 89' lang='lat' dir='ltr'>an</span> <span class='ocrx_word' id='word_1_58' title='bbox 934 799 1007 881; x_wconf 91' lang='lat' dir='ltr'>plus</span> <span class='ocrx_word' id='word_1_59' title='bbox 1037 798 1119 862; x_wconf 91' lang='lat' dir='ltr'>mihi</span> <span class='ocrx_word' id='word_1_60' title='bbox 1151 799 1319 883; x_wconf 85' lang='lat' dir='ltr'>profuerit,</span> <span class='ocrx_word' id='word_1_61' title='bbox 1330 807 1372 873; x_wconf 80' lang='grc'>66</span> 
     </span>
     <span class='ocr_line' id='line_1_8' title="bbox 144 884 1319 976; baseline -0.003 -20"><span class='ocrx_word' id='word_1_62' title='bbox 144 914 243 976; x_wconf 88' lang='lat' dir='ltr'>quam</span> <span class='ocrx_word' id='word_1_63' title='bbox 267 891 294 955; x_wconf 91' lang='lat' dir='ltr'>si</span> <span class='ocrx_word' id='word_1_64' title='bbox 318 889 398 953; x_wconf 91' lang='lat' dir='ltr'>mihi</span> <span class='ocrx_word' id='word_1_65' title='bbox 421 894 491 954; x_wconf 89' lang='lat' dir='ltr'>tum</span> <span class='ocrx_word' id='word_1_66' title='bbox 514 892 624 953; x_wconf 86' lang='lat' dir='ltr'>essent</span> <span class='ocrx_word' id='word_1_67' title='bbox 648 908 760 952; x_wconf 90' lang='lat' dir='ltr'>omnes</span> <span class='ocrx_word' id='word_1_68' title='bbox 785 886 952 972; x_wconf 81' lang='lat' dir='ltr'>gratulati.</span> <span class='ocrx_word' id='word_1_69' title='bbox 987 884 1084 970; x_wconf 89' lang='lat' dir='ltr'>Nam,</span> <span class='ocrx_word' id='word_1_70' title='bbox 1107 892 1319 971; x_wconf 76' lang='lat' dir='ltr'>posteaquam</span> 
     </span>
     <span class='ocr_line' id='line_1_9' title="bbox 145 975 1319 1067; baseline -0.005 -21"><span class='ocrx_word' id='word_1_71' title='bbox 145 979 233 1046; x_wconf 90' lang='lat' dir='ltr'>sensi</span> <span class='ocrx_word' id='word_1_72' title='bbox 255 978 369 1067; x_wconf 80' lang='lat' dir='ltr'>populi</span> <span class='ocrx_word' id='word_1_73' title='bbox 387 977 528 1043; x_wconf 88' lang='lat' dir='ltr'>Romani</span> <span class='ocrx_word' id='word_1_74' title='bbox 547 998 641 1041; x_wconf 89' lang='lat' dir='ltr'>aures</span> <span class='ocrx_word' id='word_1_75' title='bbox 664 975 858 1056; x_wconf 80' lang='lat' dir='ltr'>hebetiores,</span> <span class='ocrx_word' id='word_1_76' title='bbox 879 976 990 1041; x_wconf 89' lang='lat' dir='ltr'>oculos</span> <span class='ocrx_word' id='word_1_77' title='bbox 1011 979 1120 1039; x_wconf 89' lang='lat' dir='ltr'>autem</span> <span class='ocrx_word' id='word_1_78' title='bbox 1140 997 1210 1040; x_wconf 91' lang='lat' dir='ltr'>esse</span> <span class='ocrx_word' id='word_1_79' title='bbox 1230 998 1319 1040; x_wconf 89' lang='lat' dir='ltr'>acres</span> 
     </span>
     <span class='ocr_line' id='line_1_10' title="bbox 145 1062 1320 1152; baseline -0.003 -19"><span class='ocrx_word' id='word_1_80' title='bbox 145 1073 242 1152; x_wconf 90' lang='lat' dir='ltr'>atque</span> <span class='ocrx_word' id='word_1_81' title='bbox 262 1071 383 1147; x_wconf 86' lang='lat' dir='ltr'>acutos,</span> <span class='ocrx_word' id='word_1_82' title='bbox 404 1066 523 1147; x_wconf 84' lang='lat' dir='ltr'>destiti,</span> <span class='ocrx_word' id='word_1_83' title='bbox 542 1065 619 1149; x_wconf 91' lang='lat' dir='ltr'>quid</span> <span class='ocrx_word' id='word_1_84' title='bbox 639 1064 677 1128; x_wconf 91' lang='lat' dir='ltr'>de</span> <span class='ocrx_word' id='word_1_85' title='bbox 697 1087 748 1129; x_wconf 91' lang='lat' dir='ltr'>me</span> <span class='ocrx_word' id='word_1_86' title='bbox 769 1063 911 1129; x_wconf 87' lang='lat' dir='ltr'>audituri</span> <span class='ocrx_word' id='word_1_87' title='bbox 930 1062 1215 1148; x_wconf 86' lang='lat' dir='ltr'>ossenthomines,</span> <span class='ocrx_word' id='word_1_88' title='bbox 1234 1066 1320 1149; x_wconf 84' lang='lat' dir='ltr'>cogi·</span> 
     </span>
     <span class='ocr_line' id='line_1_11' title="bbox 94 1151 1321 1239; baseline -0.002 -20"><span class='ocrx_word' id='word_1_89' title='bbox 94 1160 229 1221; x_wconf 87' lang='lat' dir='ltr'>rotare:</span> <span class='ocrx_word' id='word_1_90' title='bbox 259 1155 330 1238; x_wconf 82' lang='lat' dir='ltr'>ieci,</span> <span class='ocrx_word' id='word_1_91' title='bbox 353 1158 391 1219; x_wconf 90' lang='lat' dir='ltr'>ut</span> <span class='ocrx_word' id='word_1_92' title='bbox 409 1158 524 1239; x_wconf 90' lang='lat' dir='ltr'>postea</span> <span class='ocrx_word' id='word_1_93' title='bbox 548 1153 665 1219; x_wconf 83' lang='lat' dir='ltr'>cotidie</span> <span class='ocrx_word' id='word_1_94' title='bbox 684 1155 889 1237; x_wconf 88' lang='lat' dir='ltr'>praesentem</span> <span class='ocrx_word' id='word_1_95' title='bbox 912 1175 963 1217; x_wconf 89' lang='lat' dir='ltr'>me</span> <span class='ocrx_word' id='word_1_96' title='bbox 987 1151 1146 1216; x_wconf 86' lang='lat' dir='ltr'>viderent:</span> <span class='ocrx_word' id='word_1_97' title='bbox 1176 1153 1321 1217; x_wconf 84' lang='lat' dir='ltr'>habitavi</span> 
     </span>
     <span class='ocr_line' id='line_1_12' title="bbox 145 1241 1320 1328; baseline -0.004 -18"><span class='ocrx_word' id='word_1_98' title='bbox 145 1247 181 1310; x_wconf 91' lang='lat' dir='ltr'>in</span> <span class='ocrx_word' id='word_1_99' title='bbox 203 1244 314 1328; x_wconf 89' lang='lat' dir='ltr'>oculis,</span> <span class='ocrx_word' id='word_1_100' title='bbox 335 1243 441 1327; x_wconf 89' lang='lat' dir='ltr'>pressi</span> <span class='ocrx_word' id='word_1_101' title='bbox 463 1242 583 1306; x_wconf 89' lang='lat' dir='ltr'>forum:</span> <span class='ocrx_word' id='word_1_102' title='bbox 606 1242 769 1306; x_wconf 91' lang='lat' dir='ltr'>neminem</span> <span class='ocrx_word' id='word_1_103' title='bbox 789 1264 809 1305; x_wconf 92' lang='lat' dir='ltr'>a</span> <span class='ocrx_word' id='word_1_104' title='bbox 827 1261 1002 1325; x_wconf 86' lang='lat' dir='ltr'>congressu</span> <span class='ocrx_word' id='word_1_105' title='bbox 1025 1263 1097 1307; x_wconf 93' lang='lat' dir='ltr'>meo</span> <span class='ocrx_word' id='word_1_106' title='bbox 1115 1263 1219 1324; x_wconf 91' lang='lat' dir='ltr'>neque</span> <span class='ocrx_word' id='word_1_107' title='bbox 1237 1241 1320 1305; x_wconf 87' lang='lat' dir='ltr'>iani·</span> 
     </span>
     <span class='ocr_line' id='line_1_13' title="bbox 143 1328 1320 1416; baseline -0.003 -18"><span class='ocrx_word' id='word_1_108' title='bbox 143 1338 197 1399; x_wconf 88' lang='lat' dir='ltr'>tor</span> <span class='ocrx_word' id='word_1_109' title='bbox 220 1354 311 1398; x_wconf 91' lang='lat' dir='ltr'>meus</span> <span class='ocrx_word' id='word_1_110' title='bbox 335 1353 440 1416; x_wconf 89' lang='lat' dir='ltr'>neque</span> <span class='ocrx_word' id='word_1_111' title='bbox 464 1352 597 1395; x_wconf 88' lang='lat' dir='ltr'>somnus</span> <span class='ocrx_word' id='word_1_112' title='bbox 620 1330 806 1394; x_wconf 82' lang='lat' dir='ltr'>absterruit.</span> <span class='ocrx_word' id='word_1_113' title='bbox 851 1328 977 1413; x_wconf 82' lang='lat' dir='ltr'>Ecquid</span> <span class='ocrx_word' id='word_1_114' title='bbox 1001 1349 1061 1413; x_wconf 83' lang='lat' dir='ltr'>ego</span> <span class='ocrx_word' id='word_1_115' title='bbox 1085 1330 1190 1394; x_wconf 90' lang='lat' dir='ltr'>dicam</span> <span class='ocrx_word' id='word_1_116' title='bbox 1213 1330 1252 1395; x_wconf 90' lang='lat' dir='ltr'>de</span> <span class='ocrx_word' id='word_1_117' title='bbox 1271 1351 1320 1396; x_wconf 92' lang='lat' dir='ltr'>oc·</span> 
     </span>
     <span class='ocr_line' id='line_1_14' title="bbox 146 1417 1320 1507; baseline -0.004 -20"><span class='ocrx_word' id='word_1_118' title='bbox 146 1422 275 1507; x_wconf 88' lang='lat' dir='ltr'>cupatis</span> <span class='ocrx_word' id='word_1_119' title='bbox 299 1420 380 1484; x_wconf 91' lang='lat' dir='ltr'>meis</span> <span class='ocrx_word' id='word_1_120' title='bbox 403 1419 615 1503; x_wconf 87' lang='lat' dir='ltr'>temporibus,</span> <span class='ocrx_word' id='word_1_121' title='bbox 638 1421 689 1482; x_wconf 88' lang='lat' dir='ltr'>cui</span> <span class='ocrx_word' id='word_1_122' title='bbox 711 1418 811 1482; x_wconf 88' lang='lat' dir='ltr'>fuerit</span> <span class='ocrx_word' id='word_1_123' title='bbox 832 1439 872 1481; x_wconf 92' lang='lat' dir='ltr'>ne</span> <span class='ocrx_word' id='word_1_124' title='bbox 892 1418 996 1482; x_wconf 91' lang='lat' dir='ltr'>otium</span> <span class='ocrx_word' id='word_1_125' title='bbox 1015 1417 1145 1501; x_wconf 90' lang='lat' dir='ltr'>quidem</span> <span class='ocrx_word' id='word_1_126' title='bbox 1167 1440 1320 1503; x_wconf 90' lang='lat' dir='ltr'>umquam</span> 
     </span>
     <span class='ocr_line' id='line_1_15' title="bbox 147 1503 1320 1590; baseline -0.002 -16"><span class='ocrx_word' id='word_1_127' title='bbox 147 1507 311 1574; x_wconf 78' lang='lat' dir='ltr'>otiosum?</span> <span class='ocrx_word' id='word_1_128' title='bbox 356 1506 443 1571; x_wconf 90' lang='lat' dir='ltr'>Nam</span> <span class='ocrx_word' id='word_1_129' title='bbox 467 1528 546 1590; x_wconf 89' lang='lat' dir='ltr'>quas</span> <span class='ocrx_word' id='word_1_130' title='bbox 569 1511 606 1570; x_wconf 93' lang='lat' dir='ltr'>tu</span> <span class='ocrx_word' id='word_1_131' title='bbox 630 1527 873 1589; x_wconf 89' lang='lat' dir='ltr'>commemoras,</span> <span class='ocrx_word' id='word_1_132' title='bbox 896 1503 1004 1586; x_wconf 71' lang='lat' dir='ltr'>(lassi,</span> <span class='ocrx_word' id='word_1_133' title='bbox 1027 1505 1135 1589; x_wconf 81' lang='lat' dir='ltr'>legere</span> <span class='ocrx_word' id='word_1_134' title='bbox 1158 1509 1191 1570; x_wconf 90' lang='lat' dir='ltr'>te</span> <span class='ocrx_word' id='word_1_135' title='bbox 1216 1508 1320 1572; x_wconf 89' lang='lat' dir='ltr'>solere</span> 
     </span>
     <span class='ocr_line' id='line_1_16' title="bbox 94 1592 1321 1678; baseline 0 -20"><span class='ocrx_word' id='word_1_136' title='bbox 94 1611 126 1659; x_wconf 78' lang='lat'>15</span> <span class='ocrx_word' id='word_1_137' title='bbox 148 1597 327 1678; x_wconf 89' lang='lat' dir='ltr'>orationes,</span> <span class='ocrx_word' id='word_1_138' title='bbox 353 1616 425 1659; x_wconf 90' lang='lat' dir='ltr'>cum</span> <span class='ocrx_word' id='word_1_139' title='bbox 450 1595 575 1658; x_wconf 90' lang='lat' dir='ltr'>otiosus</span> <span class='ocrx_word' id='word_1_140' title='bbox 599 1594 654 1672; x_wconf 90' lang='lat' dir='ltr'>sis,</span> <span class='ocrx_word' id='word_1_141' title='bbox 681 1594 740 1657; x_wconf 89' lang='lat' dir='ltr'>has</span> <span class='ocrx_word' id='word_1_142' title='bbox 765 1613 826 1676; x_wconf 82' lang='lat' dir='ltr'>ago</span> <span class='ocrx_word' id='word_1_143' title='bbox 850 1592 966 1677; x_wconf 80' lang='lat' dir='ltr'>scripsi</span> <span class='ocrx_word' id='word_1_144' title='bbox 988 1592 1073 1656; x_wconf 90' lang='lat' dir='ltr'>ludis</span> <span class='ocrx_word' id='word_1_145' title='bbox 1097 1598 1131 1657; x_wconf 92' lang='lat' dir='ltr'>et</span> <span class='ocrx_word' id='word_1_146' title='bbox 1152 1593 1252 1677; x_wconf 87' lang='lat' dir='ltr'>feriis,</span> <span class='ocrx_word' id='word_1_147' title='bbox 1279 1616 1321 1658; x_wconf 89' lang='lat' dir='ltr'>ne</span> 
     </span>
     <span class='ocr_line' id='line_1_17' title="bbox 147 1678 1321 1767; baseline -0.003 -18"><span class='ocrx_word' id='word_1_148' title='bbox 147 1685 280 1749; x_wconf 90' lang='lat' dir='ltr'>omnino</span> <span class='ocrx_word' id='word_1_149' title='bbox 299 1704 440 1766; x_wconf 90' lang='lat' dir='ltr'>unquam</span> <span class='ocrx_word' id='word_1_150' title='bbox 463 1704 567 1746; x_wconf 91' lang='lat' dir='ltr'>essem</span> <span class='ocrx_word' id='word_1_151' title='bbox 586 1682 719 1746; x_wconf 89' lang='lat' dir='ltr'>otiosus.</span> <span class='ocrx_word' id='word_1_152' title='bbox 756 1680 887 1745; x_wconf 84' lang='lat' dir='ltr'>Etenim</span> <span class='ocrx_word' id='word_1_153' title='bbox 906 1680 948 1744; x_wconf 88' lang='lat' dir='ltr'>M.</span> <span class='ocrx_word' id='word_1_154' title='bbox 965 1678 1099 1746; x_wconf 81' lang='lat' dir='ltr'>Catonis</span> <span class='ocrx_word' id='word_1_155' title='bbox 1122 1681 1212 1765; x_wconf 92' lang='lat' dir='ltr'>illud,</span> <span class='ocrx_word' id='word_1_156' title='bbox 1236 1682 1321 1767; x_wconf 90' lang='lat' dir='ltr'>quod</span> 
     </span>
     <span class='ocr_line' id='line_1_18' title="bbox 146 1768 1321 1857; baseline -0.003 -19"><span class='ocrx_word' id='word_1_157' title='bbox 146 1774 182 1838; x_wconf 91' lang='lat' dir='ltr'>in</span> <span class='ocrx_word' id='word_1_158' title='bbox 204 1772 367 1857; x_wconf 88' lang='lat' dir='ltr'>principio</span> <span class='ocrx_word' id='word_1_159' title='bbox 392 1770 523 1854; x_wconf 78' lang='lat' dir='ltr'>scripsit</span> <span class='ocrx_word' id='word_1_160' title='bbox 546 1768 717 1855; x_wconf 84' lang='lat' dir='ltr'>Originum</span> <span class='ocrx_word' id='word_1_161' title='bbox 742 1790 882 1851; x_wconf 89' lang='lat' dir='ltr'>suarum,</span> <span class='ocrx_word' id='word_1_162' title='bbox 906 1790 1032 1853; x_wconf 87' lang='lat' dir='ltr'>semper</span> <span class='ocrx_word' id='word_1_163' title='bbox 1055 1770 1264 1853; x_wconf 84' lang='lat' dir='ltr'>magnificum</span> <span class='ocrx_word' id='word_1_164' title='bbox 1289 1773 1321 1835; x_wconf 91' lang='lat' dir='ltr'>et</span> 
     </span>
     <span class='ocr_line' id='line_1_19' title="bbox 146 1857 1322 1946; baseline -0.001 -21"><span class='ocrx_word' id='word_1_165' title='bbox 146 1861 348 1946; x_wconf 88' lang='lat' dir='ltr'>praeclarum</span> <span class='ocrx_word' id='word_1_166' title='bbox 385 1858 511 1942; x_wconf 79' lang='lat' dir='ltr'>putavi,</span> <span class='ocrx_word' id='word_1_167' title='bbox 544 1857 710 1923; x_wconf 74' lang='lat' dir='ltr'>‘clarorum</span> <span class='ocrx_word' id='word_1_168' title='bbox 742 1859 881 1922; x_wconf 70' lang='lat' dir='ltr'>virorem</span> <span class='ocrx_word' id='word_1_169' title='bbox 912 1862 1003 1939; x_wconf 81' lang='lat' dir='ltr'>cique</span> <span class='ocrx_word' id='word_1_170' title='bbox 1038 1879 1223 1940; x_wconf 76' lang='lat' dir='ltr'>mapnorum</span> <span class='ocrx_word' id='word_1_171' title='bbox 1258 1878 1322 1924; x_wconf 78' lang='lat' dir='ltr'>boa</span> 
     </span>
     <span class='ocr_line' id='line_1_20' title="bbox 146 1946 1321 2032; baseline -0.001 -19"><span class='ocrx_word' id='word_1_172' title='bbox 146 1951 252 2013; x_wconf 77' lang='lat' dir='ltr'>minas</span> <span class='ocrx_word' id='word_1_173' title='bbox 274 1949 330 2013; x_wconf 81' lang='lat' dir='ltr'>otti</span> <span class='ocrx_word' id='word_1_174' title='bbox 356 1968 451 2028; x_wconf 78' lang='lat' dir='ltr'>quam</span> <span class='ocrx_word' id='word_1_175' title='bbox 477 1948 589 2029; x_wconf 72' lang='lat' dir='ltr'>capotii</span> <span class='ocrx_word' id='word_1_176' title='bbox 611 1948 763 2012; x_wconf 74' lang='lat' dir='ltr'>rationem</span> <span class='ocrx_word' id='word_1_177' title='bbox 791 1951 911 2010; x_wconf 78' lang='lat' dir='ltr'>creatore</span> <span class='ocrx_word' id='word_1_178' title='bbox 937 1946 1091 2029; x_wconf 70' lang='lat' dir='ltr'>oportere?</span> <span class='ocrx_word' id='word_1_179' title='bbox 1138 1948 1263 2032; x_wconf 90' lang='lat' dir='ltr'>Itaque,</span> <span class='ocrx_word' id='word_1_180' title='bbox 1293 1949 1321 2012; x_wconf 91' lang='lat' dir='ltr'>si</span> 
     </span>
    </p>
   </div>
   <div class='ocr_carea' id='block_1_3' title="bbox 104 2102 1324 4434">
    <p class='ocr_par' dir='ltr' id='par_1_3' title="bbox 147 2102 1322 2385">
     <span class='ocr_line' id='line_1_21' title="bbox 175 2102 1320 2173; baseline 0.001 -18"><span class='ocrx_word' id='word_1_181' title='bbox 175 2110 209 2159; x_wconf 79' lang='lat'>4.</span> <span class='ocrx_word' id='word_1_182' title='bbox 237 2103 392 2173; x_wconf 78' lang='lat' dir='ltr'>Syracusis.</span> <span class='ocrx_word' id='word_1_183' title='bbox 435 2102 497 2157; x_wconf 91' lang='lat' dir='ltr'>Von</span> <span class='ocrx_word' id='word_1_184' title='bbox 525 2103 580 2157; x_wconf 89' lang='lat' dir='ltr'>den</span> <span class='ocrx_word' id='word_1_185' title='bbox 606 2103 707 2158; x_wconf 89' lang='lat' dir='ltr'>beiden</span> <span class='ocrx_word' id='word_1_186' title='bbox 761 2102 810 2170; x_wconf 87' lang='lat' dir='ltr'>qui</span> <span class='ocrx_word' id='word_1_187' title='bbox 829 2105 872 2156; x_wconf 91' lang='lat' dir='ltr'>est</span> <span class='ocrx_word' id='word_1_188' title='bbox 890 2102 1050 2172; x_wconf 81' lang='lat' dir='ltr'>negotiosus</span> <span class='ocrx_word' id='word_1_189' title='bbox 1064 2102 1173 2172; x_wconf 76' lang='lat' dir='ltr'>(arduo)</span> <span class='ocrx_word' id='word_1_190' title='bbox 1190 2102 1220 2156; x_wconf 94' lang='lat' dir='ltr'>in</span> <span class='ocrx_word' id='word_1_191' title='bbox 1237 2119 1320 2172; x_wconf 81' lang='lat' dir='ltr'>nago-</span> 
     </span>
     <span class='ocr_line' id='line_1_22' title="bbox 147 2159 1322 2239; baseline -0.001 -12"><span class='ocrx_word' id='word_1_192' title='bbox 147 2173 305 2230; x_wconf 80' lang='lat' dir='ltr'>romischen</span> <span class='ocrx_word' id='word_1_193' title='bbox 334 2173 488 2239; x_wconf 70' lang='lat' dir='ltr'>Qutstoren</span> <span class='ocrx_word' id='word_1_194' title='bbox 516 2173 567 2227; x_wconf 89' lang='lat' dir='ltr'>auf</span> <span class='ocrx_word' id='word_1_195' title='bbox 593 2173 707 2229; x_wconf 85' lang='lat' dir='ltr'>Sicilien</span> <span class='ocrx_word' id='word_1_196' title='bbox 760 2172 810 2227; x_wconf 90' lang='lat' dir='ltr'>tio.</span> <span class='ocrx_word' id='word_1_197' title='bbox 827 2202 860 2212; x_wconf 89' lang='lat'>-</span> <span class='ocrx_word' id='word_1_198' title='bbox 876 2159 974 2227; x_wconf 83' lang='lat' dir='ltr'>(ltioso</span> <span class='ocrx_word' id='word_1_199' title='bbox 988 2172 1018 2226; x_wconf 92' lang='lat' dir='ltr'>in</span> <span class='ocrx_word' id='word_1_200' title='bbox 1032 2173 1091 2227; x_wconf 75' lang='lat' dir='ltr'>ctio</span> <span class='ocrx_word' id='word_1_201' title='bbox 1105 2174 1215 2227; x_wconf 89' lang='lat' dir='ltr'>animus</span> <span class='ocrx_word' id='word_1_202' title='bbox 1231 2173 1322 2226; x_wconf 80' lang='lat' dir='ltr'>nescit</span> 
     </span>
     <span class='ocr_line' id='line_1_23' title="bbox 147 2242 1321 2314; baseline -0.001 -15"><span class='ocrx_word' id='word_1_203' title='bbox 147 2245 251 2299; x_wconf 89' lang='lat' dir='ltr'>befand</span> <span class='ocrx_word' id='word_1_204' title='bbox 278 2243 338 2298; x_wconf 92' lang='lat' dir='ltr'>sich</span> <span class='ocrx_word' id='word_1_205' title='bbox 361 2244 412 2298; x_wconf 86' lang='lat' dir='ltr'>der</span> <span class='ocrx_word' id='word_1_206' title='bbox 437 2243 498 2298; x_wconf 90' lang='lat' dir='ltr'>eine</span> <span class='ocrx_word' id='word_1_207' title='bbox 521 2244 551 2297; x_wconf 90' lang='lat' dir='ltr'>in</span> <span class='ocrx_word' id='word_1_208' title='bbox 574 2243 706 2314; x_wconf 81' lang='lat' dir='ltr'>Syrakns,</span> <span class='ocrx_word' id='word_1_209' title='bbox 761 2243 829 2312; x_wconf 90' lang='lat' dir='ltr'>quid</span> <span class='ocrx_word' id='word_1_210' title='bbox 847 2243 926 2298; x_wconf 84' lang='lat' dir='ltr'>velit.</span> <span class='ocrx_word' id='word_1_211' title='bbox 958 2242 1040 2312; x_wconf 73' lang='lat' dir='ltr'>(dell.</span> <span class='ocrx_word' id='word_1_212' title='bbox 1060 2242 1095 2298; x_wconf 85' lang='lat' dir='ltr'>N.</span> <span class='ocrx_word' id='word_1_213' title='bbox 1113 2244 1144 2297; x_wconf 88' lang='lat' dir='ltr'>A.</span> <span class='ocrx_word' id='word_1_214' title='bbox 1162 2250 1203 2311; x_wconf 83' lang='lat'>19,</span> <span class='ocrx_word' id='word_1_215' title='bbox 1220 2246 1272 2310; x_wconf 86' lang='lat'>10.)</span> <span class='ocrx_word' id='word_1_216' title='bbox 1287 2274 1321 2283; x_wconf 94' lang='lat'><em>-</em></span> 
     </span>
     <span class='ocr_line' id='line_1_24' title="bbox 148 2313 1322 2385; baseline -0.003 -16"><span class='ocrx_word' id='word_1_217' title='bbox 148 2316 198 2370; x_wconf 90' lang='lat' dir='ltr'>der</span> <span class='ocrx_word' id='word_1_218' title='bbox 216 2314 318 2370; x_wconf 88' lang='lat' dir='ltr'>andere</span> <span class='ocrx_word' id='word_1_219' title='bbox 337 2315 367 2369; x_wconf 92' lang='lat' dir='ltr'>in</span> <span class='ocrx_word' id='word_1_220' title='bbox 385 2315 559 2384; x_wconf 81' lang='lat' dir='ltr'>Lilybaeum.</span> <span class='ocrx_word' id='word_1_221' title='bbox 761 2313 818 2369; x_wconf 84' lang='lat' dir='ltr'>Cic.</span> <span class='ocrx_word' id='word_1_222' title='bbox 834 2314 868 2367; x_wconf 88' lang='lat' dir='ltr'>de</span> <span class='ocrx_word' id='word_1_223' title='bbox 886 2313 937 2369; x_wconf 88' lang='lat' dir='ltr'>Off.</span> <span class='ocrx_word' id='word_1_224' title='bbox 953 2319 969 2367; x_wconf 88' lang='lat'><strong>3</strong></span> <span class='ocrx_word' id='word_1_225' title='bbox 987 2319 1002 2379; x_wconf 62' lang='grc' dir='ltr'>ξ</span> <span class='ocrx_word' id='word_1_226' title='bbox 1017 2322 1044 2368; x_wconf 90' lang='lat'>1:</span> <span class='ocrx_word' id='word_1_227' title='bbox 1067 2316 1097 2369; x_wconf 93' lang='lat' dir='ltr'>P.</span> <span class='ocrx_word' id='word_1_228' title='bbox 1113 2313 1273 2385; x_wconf 82' lang='lat' dir='ltr'>Scipionem</span> <span class='ocrx_word' id='word_1_229' title='bbox 1288 2345 1322 2354; x_wconf 92' lang='lat'>-</span> 
     </span>
    </p>

    <p class='ocr_par' dir='ltr' id='par_1_4' title="bbox 147 2384 1322 2527">
     <span class='ocr_line' id='line_1_25' title="bbox 183 2384 1320 2455; baseline 0 -17"><span class='ocrx_word' id='word_1_230' title='bbox 183 2390 208 2440; x_wconf 82' lang='lat'>5.</span> <span class='ocrx_word' id='word_1_231' title='bbox 227 2387 266 2441; x_wconf 83' lang='lat' dir='ltr'>ad</span> <span class='ocrx_word' id='word_1_232' title='bbox 283 2403 380 2455; x_wconf 79' lang='lat' dir='ltr'>aquas,</span> <span class='ocrx_word' id='word_1_233' title='bbox 399 2404 433 2439; x_wconf 83' lang='lat' dir='ltr'>zu</span> <span class='ocrx_word' id='word_1_234' title='bbox 452 2385 507 2440; x_wconf 92' lang='lat' dir='ltr'>den</span> <span class='ocrx_word' id='word_1_235' title='bbox 525 2386 634 2441; x_wconf 70' lang='lat' dir='ltr'>Bidern</span> <span class='ocrx_word' id='word_1_236' title='bbox 651 2403 706 2441; x_wconf 84' lang='lat' dir='ltr'>von</span> <span class='ocrx_word' id='word_1_237' title='bbox 761 2385 854 2439; x_wconf 85' lang='lat' dir='ltr'>dicere</span> <span class='ocrx_word' id='word_1_238' title='bbox 870 2384 985 2439; x_wconf 89' lang='lat' dir='ltr'>solitum</span> <span class='ocrx_word' id='word_1_239' title='bbox 1000 2384 1113 2454; x_wconf 83' lang='lat' dir='ltr'>scripsit</span> <span class='ocrx_word' id='word_1_240' title='bbox 1126 2386 1240 2440; x_wconf 85' lang='lat' dir='ltr'>Cato-</span> <span class='ocrx_word' id='word_1_241' title='bbox 1252 2403 1320 2439; x_wconf 89' lang='lat' dir='ltr'>nun-</span> 
     </span>
     <span class='ocr_line' id='line_1_26' title="bbox 147 2456 1322 2527; baseline -0.002 -16"><span class='ocrx_word' id='word_1_242' title='bbox 147 2456 266 2511; x_wconf 87' lang='lat' dir='ltr'>Puteoli.</span> <span class='ocrx_word' id='word_1_243' title='bbox 761 2471 846 2522; x_wconf 88' lang='lat' dir='ltr'>quam</span> <span class='ocrx_word' id='word_1_244' title='bbox 865 2471 894 2508; x_wconf 89' lang='lat' dir='ltr'>se</span> <span class='ocrx_word' id='word_1_245' title='bbox 909 2456 1000 2510; x_wconf 87' lang='lat' dir='ltr'>minus</span> <span class='ocrx_word' id='word_1_246' title='bbox 1015 2456 1135 2511; x_wconf 86' lang='lat' dir='ltr'>otiosum</span> <span class='ocrx_word' id='word_1_247' title='bbox 1151 2472 1220 2526; x_wconf 86' lang='lat' dir='ltr'>esse,</span> <span class='ocrx_word' id='word_1_248' title='bbox 1238 2472 1322 2527; x_wconf 85' lang='lat' dir='ltr'>quam</span> 
     </span>
    </p>

    <p class='ocr_par' dir='ltr' id='par_1_5' title="bbox 146 2525 1322 3031">
     <span class='ocr_line' id='line_1_27' title="bbox 183 2525 1321 2596; baseline -0.003 -14"><span class='ocrx_word' id='word_1_249' title='bbox 183 2534 208 2582; x_wconf 86' lang='grc'>6.</span> <span class='ocrx_word' id='word_1_250' title='bbox 222 2529 291 2596; x_wconf 79' lang='lat' dir='ltr'>plus</span> <span class='ocrx_word' id='word_1_251' title='bbox 303 2528 372 2582; x_wconf 80' lang='lat' dir='ltr'>mibi</span> <span class='ocrx_word' id='word_1_252' title='bbox 387 2528 533 2596; x_wconf 75' lang='lat' dir='ltr'>profuerit.</span> <span class='ocrx_word' id='word_1_253' title='bbox 561 2527 648 2582; x_wconf 72' lang='lat' dir='ltr'>Hatte</span> <span class='ocrx_word' id='word_1_254' title='bbox 662 2527 708 2581; x_wconf 90' lang='lat' dir='ltr'>ich</span> <span class='ocrx_word' id='word_1_255' title='bbox 764 2542 827 2581; x_wconf 90' lang='lat' dir='ltr'>cum</span> <span class='ocrx_word' id='word_1_256' title='bbox 858 2525 976 2593; x_wconf 74' lang='lat' dir='ltr'>otiosus,</span> <span class='ocrx_word' id='word_1_257' title='bbox 1014 2543 1066 2580; x_wconf 92' lang='lat' dir='ltr'>nec</span> <span class='ocrx_word' id='word_1_258' title='bbox 1098 2526 1190 2582; x_wconf 87' lang='lat' dir='ltr'>minus</span> <span class='ocrx_word' id='word_1_259' title='bbox 1222 2528 1321 2595; x_wconf 91' lang='lat' dir='ltr'>solum,</span> 
     </span>
     <span class='ocr_line' id='line_1_28' title="bbox 147 2596 1322 2667; baseline -0.001 -15"><span class='ocrx_word' id='word_1_260' title='bbox 147 2597 284 2667; x_wconf 82' lang='lat' dir='ltr'>gamcrkt,</span> <span class='ocrx_word' id='word_1_261' title='bbox 298 2598 388 2653; x_wconf 88' lang='lat' dir='ltr'>meint</span> <span class='ocrx_word' id='word_1_262' title='bbox 398 2597 463 2667; x_wconf 79' lang='lat' dir='ltr'>cic,</span> <span class='ocrx_word' id='word_1_263' title='bbox 478 2597 538 2652; x_wconf 81' lang='lat' dir='ltr'>dass</span> <span class='ocrx_word' id='word_1_264' title='bbox 549 2596 595 2651; x_wconf 89' lang='lat' dir='ltr'>die</span> <span class='ocrx_word' id='word_1_265' title='bbox 606 2598 709 2652; x_wconf 83' lang='lat' dir='ltr'>ltbmer</span> <span class='ocrx_word' id='word_1_266' title='bbox 762 2613 847 2664; x_wconf 88' lang='lat' dir='ltr'>quam</span> <span class='ocrx_word' id='word_1_267' title='bbox 871 2613 935 2650; x_wconf 92' lang='lat' dir='ltr'>oum</span> <span class='ocrx_word' id='word_1_268' title='bbox 959 2597 1034 2652; x_wconf 89' lang='lat' dir='ltr'>solus</span> <span class='ocrx_word' id='word_1_269' title='bbox 1053 2601 1134 2652; x_wconf 87' lang='lat' dir='ltr'>esset.</span> <span class='ocrx_word' id='word_1_270' title='bbox 1171 2597 1322 2666; x_wconf 80' lang='lat' dir='ltr'>Magnifica</span> 
     </span>
     <span class='ocr_line' id='line_1_29' title="bbox 146 2667 1322 2736; baseline -0.001 -14"><span class='ocrx_word' id='word_1_271' title='bbox 146 2684 203 2723; x_wconf 80' lang='lat' dir='ltr'>von</span> <span class='ocrx_word' id='word_1_272' title='bbox 221 2668 332 2722; x_wconf 88' lang='lat' dir='ltr'>mainan</span> <span class='ocrx_word' id='word_1_273' title='bbox 346 2669 458 2722; x_wconf 84' lang='lat' dir='ltr'>Thaten</span> <span class='ocrx_word' id='word_1_274' title='bbox 475 2667 506 2721; x_wconf 92' lang='lat' dir='ltr'>in</span> <span class='ocrx_word' id='word_1_275' title='bbox 524 2668 574 2722; x_wconf 88' lang='lat' dir='ltr'>der</span> <span class='ocrx_word' id='word_1_276' title='bbox 589 2667 709 2722; x_wconf 80' lang='lat' dir='ltr'>Provinz</span> <span class='ocrx_word' id='word_1_277' title='bbox 762 2681 830 2720; x_wconf 85' lang='lat' dir='ltr'>vero</span> <span class='ocrx_word' id='word_1_278' title='bbox 843 2683 900 2722; x_wconf 84' lang='lat' dir='ltr'>vox</span> <span class='ocrx_word' id='word_1_279' title='bbox 912 2697 947 2707; x_wconf 94' lang='lat'>—</span> <span class='ocrx_word' id='word_1_280' title='bbox 962 2684 1033 2736; x_wconf 89' lang='lat' dir='ltr'>quae</span> <span class='ocrx_word' id='word_1_281' title='bbox 1047 2667 1174 2723; x_wconf 80' lang='lat' dir='ltr'>declarat</span> <span class='ocrx_word' id='word_1_282' title='bbox 1194 2669 1274 2722; x_wconf 92' lang='lat' dir='ltr'>illum</span> <span class='ocrx_word' id='word_1_283' title='bbox 1293 2668 1322 2721; x_wconf 87' lang='lat' dir='ltr'>et</span> 
     </span>
     <span class='ocr_line' id='line_1_30' title="bbox 148 2735 1322 2808; baseline 0 -17"><span class='ocrx_word' id='word_1_284' title='bbox 148 2739 258 2807; x_wconf 81' lang='lat' dir='ltr'>gehbrt,</span> <span class='ocrx_word' id='word_1_285' title='bbox 275 2755 306 2792; x_wconf 92' lang='lat' dir='ltr'>so</span> <span class='ocrx_word' id='word_1_286' title='bbox 319 2737 401 2792; x_wconf 73' lang='lat' dir='ltr'>hatte</span> <span class='ocrx_word' id='word_1_287' title='bbox 414 2737 461 2792; x_wconf 89' lang='lat' dir='ltr'>ich</span> <span class='ocrx_word' id='word_1_288' title='bbox 475 2738 550 2792; x_wconf 89' lang='lat' dir='ltr'>mich</span> <span class='ocrx_word' id='word_1_289' title='bbox 565 2737 710 2793; x_wconf 86' lang='lat' dir='ltr'>viellcicht</span> <span class='ocrx_word' id='word_1_290' title='bbox 762 2737 793 2791; x_wconf 92' lang='lat' dir='ltr'>in</span> <span class='ocrx_word' id='word_1_291' title='bbox 811 2735 870 2791; x_wconf 87' lang='lat' dir='ltr'>otio</span> <span class='ocrx_word' id='word_1_292' title='bbox 889 2738 924 2792; x_wconf 89' lang='lat' dir='ltr'>da</span> <span class='ocrx_word' id='word_1_293' title='bbox 946 2737 1068 2807; x_wconf 82' lang='lat' dir='ltr'>negotiis</span> <span class='ocrx_word' id='word_1_294' title='bbox 1093 2740 1218 2808; x_wconf 76' lang='lat' dir='ltr'>cogitare</span> <span class='ocrx_word' id='word_1_295' title='bbox 1241 2741 1270 2794; x_wconf 88' lang='lat' dir='ltr'>et</span> <span class='ocrx_word' id='word_1_296' title='bbox 1292 2737 1322 2791; x_wconf 90' lang='lat' dir='ltr'>in</span> 
     </span>
     <span class='ocr_line' id='line_1_31' title="bbox 149 2807 1321 2878; baseline -0.001 -15"><span class='ocrx_word' id='word_1_297' title='bbox 149 2809 200 2863; x_wconf 85' lang='lat' dir='ltr'>auf</span> <span class='ocrx_word' id='word_1_298' title='bbox 238 2807 335 2862; x_wconf 86' lang='lat' dir='ltr'>diesen</span> <span class='ocrx_word' id='word_1_299' title='bbox 376 2807 519 2862; x_wconf 83' lang='lat' dir='ltr'>Eindruclr</span> <span class='ocrx_word' id='word_1_300' title='bbox 558 2809 708 2877; x_wconf 86' lang='lat' dir='ltr'>verlassen,</span> <span class='ocrx_word' id='word_1_301' title='bbox 763 2807 915 2862; x_wconf 85' lang='lat' dir='ltr'>solitudine</span> <span class='ocrx_word' id='word_1_302' title='bbox 929 2824 1023 2863; x_wconf 89' lang='lat' dir='ltr'>secum</span> <span class='ocrx_word' id='word_1_303' title='bbox 1040 2810 1119 2878; x_wconf 88' lang='lat' dir='ltr'>loqui</span> <span class='ocrx_word' id='word_1_304' title='bbox 1137 2808 1260 2865; x_wconf 88' lang='lat' dir='ltr'>solitum.</span> <span class='ocrx_word' id='word_1_305' title='bbox 1285 2807 1321 2862; x_wconf 86' lang='lat' dir='ltr'>So</span> 
     </span>
     <span class='ocr_line' id='line_1_32' title="bbox 149 2876 1321 2935; baseline 0.001 -3"><span class='ocrx_word' id='word_1_306' title='bbox 149 2879 230 2934; x_wconf 68' lang='lat' dir='ltr'>hatte</span> <span class='ocrx_word' id='word_1_307' title='bbox 258 2879 308 2932; x_wconf 82' lang='lat' dir='ltr'>auf</span> <span class='ocrx_word' id='word_1_308' title='bbox 338 2880 450 2932; x_wconf 86' lang='lat' dir='ltr'>mainan</span> <span class='ocrx_word' id='word_1_309' title='bbox 476 2876 617 2933; x_wconf 87' lang='lat' dir='ltr'>Lorbeern</span> <span class='ocrx_word' id='word_1_310' title='bbox 645 2897 708 2933; x_wconf 90' lang='lat' dir='ltr'>aus·</span> <span class='ocrx_word' id='word_1_311' title='bbox 762 2876 822 2932; x_wconf 87' lang='lat' dir='ltr'>will</span> <span class='ocrx_word' id='word_1_312' title='bbox 837 2879 910 2934; x_wconf 89' lang='lat' dir='ltr'>auch</span> <span class='ocrx_word' id='word_1_313' title='bbox 923 2877 978 2933; x_wconf 80' lang='lat' dir='ltr'>Cic.</span> <span class='ocrx_word' id='word_1_314' title='bbox 994 2880 1055 2934; x_wconf 91' lang='lat' dir='ltr'>hier</span> <span class='ocrx_word' id='word_1_315' title='bbox 1069 2881 1237 2935; x_wconf 86' lang='lat' dir='ltr'>verstanden</span> <span class='ocrx_word' id='word_1_316' title='bbox 1252 2879 1321 2935; x_wconf 88' lang='lat' dir='ltr'>sein.</span> 
     </span>
     <span class='ocr_line' id='line_1_33' title="bbox 149 2948 1321 3031; baseline 0 -27"><span class='ocrx_word' id='word_1_317' title='bbox 149 2951 252 3019; x_wconf 81' lang='lat' dir='ltr'>gemht</span> <span class='ocrx_word' id='word_1_318' title='bbox 280 2949 338 3002; x_wconf 89' lang='lat' dir='ltr'>und</span> <span class='ocrx_word' id='word_1_319' title='bbox 364 2954 439 3004; x_wconf 71' lang='lat' dir='ltr'>wire</span> <span class='ocrx_word' id='word_1_320' title='bbox 466 2948 638 3004; x_wconf 86' lang='lat' dir='ltr'>schlielslich</span> <span class='ocrx_word' id='word_1_321' title='bbox 663 2949 710 3004; x_wconf 88' lang='lat' dir='ltr'>bei</span> <span class='ocrx_word' id='word_1_322' title='bbox 763 2949 826 3017; x_wconf 81' lang='lat' dir='ltr'>Vgl.</span> <span class='ocrx_word' id='word_1_323' title='bbox 847 2950 919 3003; x_wconf 89' lang='lat' dir='ltr'>auch</span> <span class='ocrx_word' id='word_1_324' title='bbox 941 2967 992 3031; x_wconf 88' lang='lat' dir='ltr'>pro</span> <span class='ocrx_word' id='word_1_325' title='bbox 1011 2949 1085 3007; x_wconf 82' lang='lat' dir='ltr'>Cael.</span> <span class='ocrx_word' id='word_1_326' title='bbox 1106 2957 1220 3017; x_wconf 74' lang='lat' dir='ltr'>§Isos</span> <span class='ocrx_word' id='word_1_327' title='bbox 1243 2952 1321 3006; x_wconf 90' lang='lat' dir='ltr'>labo-</span> 
     </span>
    </p>

    <p class='ocr_par' dir='ltr' id='par_1_6' title="bbox 104 3019 1322 3444">
     <span class='ocr_line' id='line_1_34' title="bbox 104 3019 1322 3089; baseline 0.003 -16"><span class='ocrx_word' id='word_1_328' title='bbox 104 3025 109 3033; x_wconf 81' lang='grc'><strong><em>’</em></strong></span> <span class='ocrx_word' id='word_1_329' title='bbox 148 3020 225 3074; x_wconf 88' lang='lat' dir='ltr'>allen</span> <span class='ocrx_word' id='word_1_330' title='bbox 252 3019 375 3074; x_wconf 89' lang='lat' dir='ltr'>Wahlen</span> <span class='ocrx_word' id='word_1_331' title='bbox 403 3019 624 3089; x_wconf 77' lang='lat' dir='ltr'>durchgefallen.</span> <span class='ocrx_word' id='word_1_332' title='bbox 665 3019 710 3075; x_wconf 87' lang='lat' dir='ltr'>Da</span> <span class='ocrx_word' id='word_1_333' title='bbox 763 3019 852 3074; x_wconf 92' lang='lat' dir='ltr'>riosos</span> <span class='ocrx_word' id='word_1_334' title='bbox 871 3021 1025 3089; x_wconf 85' lang='lat' dir='ltr'>existimet,</span> <span class='ocrx_word' id='word_1_335' title='bbox 1050 3021 1151 3089; x_wconf 89' lang='lat' dir='ltr'>quibus</span> <span class='ocrx_word' id='word_1_336' title='bbox 1170 3022 1268 3078; x_wconf 86' lang='lat' dir='ltr'>otiosis</span> <span class='ocrx_word' id='word_1_337' title='bbox 1287 3039 1322 3077; x_wconf 89' lang='lat' dir='ltr'>ne</span> 
     </span>
     <span class='ocr_line' id='line_1_35' title="bbox 147 3090 1321 3163; baseline 0.001 -17"><span class='ocrx_word' id='word_1_338' title='bbox 147 3091 194 3146; x_wconf 89' lang='lat' dir='ltr'>ich</span> <span class='ocrx_word' id='word_1_339' title='bbox 227 3092 294 3145; x_wconf 84' lang='lat' dir='ltr'>aber</span> <span class='ocrx_word' id='word_1_340' title='bbox 326 3091 432 3156; x_wconf 83' lang='lat' dir='ltr'>erfnhr,</span> <span class='ocrx_word' id='word_1_341' title='bbox 465 3091 518 3145; x_wconf 83' lang='lat' dir='ltr'>wie</span> <span class='ocrx_word' id='word_1_342' title='bbox 549 3090 589 3145; x_wconf 90' lang='lat' dir='ltr'>sie</span> <span class='ocrx_word' id='word_1_343' title='bbox 616 3090 709 3147; x_wconf 85' lang='lat' dir='ltr'>nichts</span> <span class='ocrx_word' id='word_1_344' title='bbox 762 3092 792 3163; x_wconf 77' lang='lat' dir='ltr'>ip</span> <span class='ocrx_word' id='word_1_345' title='bbox 808 3090 950 3146; x_wconf 90' lang='lat' dir='ltr'>communi</span> <span class='ocrx_word' id='word_1_346' title='bbox 963 3092 1077 3160; x_wconf 88' lang='lat' dir='ltr'>quidam</span> <span class='ocrx_word' id='word_1_347' title='bbox 1087 3094 1145 3148; x_wconf 87' lang='lat' dir='ltr'>otio</span> <span class='ocrx_word' id='word_1_348' title='bbox 1155 3093 1241 3148; x_wconf 87' lang='lat' dir='ltr'>liceat</span> <span class='ocrx_word' id='word_1_349' title='bbox 1253 3109 1321 3148; x_wconf 85' lang='lat' dir='ltr'>esse.</span> 
     </span>
     <span class='ocr_line' id='line_1_36' title="bbox 148 3160 1321 3229; baseline 0 -12"><span class='ocrx_word' id='word_1_350' title='bbox 148 3160 281 3229; x_wconf 81' lang='lat' dir='ltr'>wolsten,</span> <span class='ocrx_word' id='word_1_351' title='bbox 320 3176 350 3215; x_wconf 91' lang='lat' dir='ltr'>so</span> <span class='ocrx_word' id='word_1_352' title='bbox 382 3160 484 3215; x_wconf 84' lang='lat' dir='ltr'>mulste</span> <span class='ocrx_word' id='word_1_353' title='bbox 515 3161 562 3216; x_wconf 90' lang='lat' dir='ltr'>ich</span> <span class='ocrx_word' id='word_1_354' title='bbox 597 3161 710 3217; x_wconf 86' lang='lat' dir='ltr'>ireilich</span> <span class='ocrx_word' id='word_1_355' title='bbox 761 3160 885 3216; x_wconf 85' lang='lat' dir='ltr'>Ahnlich</span> <span class='ocrx_word' id='word_1_356' title='bbox 898 3163 1083 3217; x_wconf 88' lang='lat' dir='ltr'>ardellionum</span> <span class='ocrx_word' id='word_1_357' title='bbox 1099 3165 1177 3220; x_wconf 85' lang='lat' dir='ltr'>natio</span> <span class='ocrx_word' id='word_1_358' title='bbox 1195 3180 1321 3219; x_wconf 89' lang='lat' dir='ltr'>-occu-</span> 
     </span>
     <span class='ocr_line' id='line_1_37' title="bbox 148 3231 1244 3304; baseline 0.003 -17"><span class='ocrx_word' id='word_1_359' title='bbox 148 3233 237 3287; x_wconf 85' lang='lat' dir='ltr'>darch</span> <span class='ocrx_word' id='word_1_360' title='bbox 263 3247 334 3286; x_wconf 92' lang='lat' dir='ltr'>neue</span> <span class='ocrx_word' id='word_1_361' title='bbox 358 3231 526 3302; x_wconf 76' lang='lat' dir='ltr'>Thetigheit</span> <span class='ocrx_word' id='word_1_362' title='bbox 552 3250 602 3287; x_wconf 87' lang='lat' dir='ltr'>vor</span> <span class='ocrx_word' id='word_1_363' title='bbox 627 3232 709 3288; x_wconf 88' lang='lat' dir='ltr'>ihren</span> <span class='ocrx_word' id='word_1_364' title='bbox 762 3236 832 3302; x_wconf 86' lang='lat' dir='ltr'>pata</span> <span class='ocrx_word' id='word_1_365' title='bbox 849 3232 879 3286; x_wconf 91' lang='lat' dir='ltr'>in</span> <span class='ocrx_word' id='word_1_366' title='bbox 898 3233 956 3288; x_wconf 91' lang='lat' dir='ltr'>otio</span> <span class='ocrx_word' id='word_1_367' title='bbox 975 3233 1022 3288; x_wconf 91' lang='lat' dir='ltr'>bei</span> <span class='ocrx_word' id='word_1_368' title='bbox 1039 3234 1157 3290; x_wconf 89' lang='lat' dir='ltr'>Phaedr.</span> <span class='ocrx_word' id='word_1_369' title='bbox 1175 3242 1199 3304; x_wconf 80' lang='lat'>2,</span> <span class='ocrx_word' id='word_1_370' title='bbox 1220 3241 1244 3290; x_wconf 78' lang='lat'>5.</span> 
     </span>
     <span class='ocr_line' id='line_1_38' title="bbox 148 3303 1321 3376; baseline 0.003 -20"><span class='ocrx_word' id='word_1_371' title='bbox 148 3303 247 3372; x_wconf 79' lang='lat' dir='ltr'>Augen</span> <span class='ocrx_word' id='word_1_372' title='bbox 260 3303 336 3357; x_wconf 89' lang='lat' dir='ltr'>ihrer</span> <span class='ocrx_word' id='word_1_373' title='bbox 344 3303 541 3358; x_wconf 87' lang='lat' dir='ltr'>Huldbeweisa</span> <span class='ocrx_word' id='word_1_374' title='bbox 553 3303 629 3358; x_wconf 84' lang='lat' dir='ltr'>mich</span> <span class='ocrx_word' id='word_1_375' title='bbox 639 3305 709 3358; x_wconf 82' lang='lat' dir='ltr'>wert</span> <span class='ocrx_word' id='word_1_376' title='bbox 800 3307 842 3357; x_wconf 82' lang='lat'>15.</span> <span class='ocrx_word' id='word_1_377' title='bbox 864 3305 952 3370; x_wconf 76' lang='lat' dir='ltr'>sertis.</span> <span class='ocrx_word' id='word_1_378' title='bbox 986 3304 1042 3360; x_wconf 82' lang='lat' dir='ltr'>Cic.</span> <span class='ocrx_word' id='word_1_379' title='bbox 1062 3306 1096 3360; x_wconf 91' lang='lat' dir='ltr'>de</span> <span class='ocrx_word' id='word_1_380' title='bbox 1115 3307 1201 3376; x_wconf 82' lang='lat' dir='ltr'>Legg.</span> <span class='ocrx_word' id='word_1_381' title='bbox 1222 3314 1238 3360; x_wconf 80' lang='lat'><strong>2</strong></span> <span class='ocrx_word' id='word_1_382' title='bbox 1257 3311 1321 3372; x_wconf 77' lang='lat'>§29</span> 
     </span>
     <span class='ocr_line' id='line_1_39' title="bbox 148 3374 1322 3444; baseline 0.002 -16"><span class='ocrx_word' id='word_1_383' title='bbox 148 3374 275 3428; x_wconf 87' lang='lat' dir='ltr'>machen.</span> <span class='ocrx_word' id='word_1_384' title='bbox 476 3434 479 3440; x_wconf 20' lang='lat'>³</span> <span class='ocrx_word' id='word_1_385' title='bbox 762 3374 895 3429; x_wconf 85' lang='lat' dir='ltr'>feriarum</span> <span class='ocrx_word' id='word_1_386' title='bbox 913 3374 1104 3444; x_wconf 76' lang='lat' dir='ltr'>testarumque</span> <span class='ocrx_word' id='word_1_387' title='bbox 1123 3377 1230 3432; x_wconf 87' lang='lat' dir='ltr'>dierum</span> <span class='ocrx_word' id='word_1_388' title='bbox 1248 3377 1322 3431; x_wconf 92' lang='lat' dir='ltr'>ratio</span> 
     </span>
    </p>

    <p class='ocr_par' dir='ltr' id='par_1_7' title="bbox 148 3444 1324 4153">
     <span class='ocr_line' id='line_1_40' title="bbox 185 3444 1323 3514; baseline 0.002 -17"><span class='ocrx_word' id='word_1_389' title='bbox 185 3449 227 3501; x_wconf 88' lang='lat'>10.</span> <span class='ocrx_word' id='word_1_390' title='bbox 247 3444 372 3499; x_wconf 61' lang='lat' dir='ltr'>babtcre</span> <span class='ocrx_word' id='word_1_391' title='bbox 386 3446 418 3498; x_wconf 79' lang='lat' dir='ltr'>ia</span> <span class='ocrx_word' id='word_1_392' title='bbox 431 3461 470 3503; x_wconf 89' lang='lat' dir='ltr'>oc.</span> <span class='ocrx_word' id='word_1_393' title='bbox 485 3470 519 3490; x_wconf 90' lang='lat'>=</span> <span class='ocrx_word' id='word_1_394' title='bbox 533 3444 708 3513; x_wconf 85' lang='lat' dir='ltr'>frequentem</span> <span class='ocrx_word' id='word_1_395' title='bbox 762 3445 792 3498; x_wconf 89' lang='lat' dir='ltr'>in</span> <span class='ocrx_word' id='word_1_396' title='bbox 815 3444 911 3499; x_wconf 90' lang='lat' dir='ltr'>liberis</span> <span class='ocrx_word' id='word_1_397' title='bbox 935 3446 1090 3514; x_wconf 86' lang='lat' dir='ltr'>requietem</span> <span class='ocrx_word' id='word_1_398' title='bbox 1117 3449 1204 3502; x_wconf 88' lang='lat' dir='ltr'>habet</span> <span class='ocrx_word' id='word_1_399' title='bbox 1227 3447 1323 3501; x_wconf 89' lang='lat' dir='ltr'>litium</span> 
     </span>
     <span class='ocr_line' id='line_1_41' title="bbox 148 3513 1323 3644; baseline 0.003 -7"><span class='ocrx_word' id='word_1_400' title='bbox 148 3513 307 3639; x_wconf 57' lang='lat' dir='ltr'>trist</span> <span class='ocrx_word' id='word_1_401' title='bbox 322 3515 710 3641; x_wconf 55' lang='lat' dir='ltr'>{inertissimas</span> <span class='ocrx_word' id='word_1_402' title='bbox 763 3514 1168 3644; x_wconf 59' lang='lat' dir='ltr'>{titttlddtlttr</span> <span class='ocrx_word' id='word_1_403' title='bbox 1187 3519 1323 3644; x_wconf 62' lang='lat' dir='ltr'>teris</span> 
     </span>
     <span class='ocr_line' id='line_1_42' title="bbox 148 3655 1323 3729; baseline 0.003 -21"><span class='ocrx_word' id='word_1_404' title='bbox 148 3655 227 3708; x_wconf 89' lang='lat' dir='ltr'>Brut.</span> <span class='ocrx_word' id='word_1_405' title='bbox 241 3659 318 3719; x_wconf 77' lang='lat'>§306</span> <span class='ocrx_word' id='word_1_406' title='bbox 336 3655 466 3710; x_wconf 90' lang='lat' dir='ltr'>habitare</span> <span class='ocrx_word' id='word_1_407' title='bbox 484 3656 514 3709; x_wconf 92' lang='lat' dir='ltr'>in</span> <span class='ocrx_word' id='word_1_408' title='bbox 531 3656 639 3724; x_wconf 86' lang='lat' dir='ltr'>rostria;</span> <span class='ocrx_word' id='word_1_409' title='bbox 659 3673 709 3726; x_wconf 89' lang='lat' dir='ltr'>pro</span> <span class='ocrx_word' id='word_1_410' title='bbox 764 3657 814 3711; x_wconf 89' lang='lat' dir='ltr'>der</span> <span class='ocrx_word' id='word_1_411' title='bbox 827 3656 959 3726; x_wconf 78' lang='lat' dir='ltr'>Festtsga</span> <span class='ocrx_word' id='word_1_412' title='bbox 973 3657 1026 3712; x_wconf 86' lang='lat' dir='ltr'>frei</span> <span class='ocrx_word' id='word_1_413' title='bbox 1043 3658 1094 3728; x_wconf 93' lang='lat' dir='ltr'>ist,</span> <span class='ocrx_word' id='word_1_414' title='bbox 1113 3676 1144 3714; x_wconf 91' lang='lat' dir='ltr'>so</span> <span class='ocrx_word' id='word_1_415' title='bbox 1158 3659 1278 3729; x_wconf 85' lang='lat' dir='ltr'>geniesst</span> <span class='ocrx_word' id='word_1_416' title='bbox 1293 3674 1323 3712; x_wconf 90' lang='lat' dir='ltr'>cr</span> 
     </span>
     <span class='ocr_line' id='line_1_43' title="bbox 148 3725 1245 3796; baseline 0.003 -16"><span class='ocrx_word' id='word_1_417' title='bbox 148 3725 290 3789; x_wconf 59' lang='lat' dir='ltr'>Mami</span> <span class='ocrx_word' id='word_1_418' title='bbox 308 3725 335 3780; x_wconf 92' lang='lat' dir='ltr'>h.</span> <span class='ocrx_word' id='word_1_419' title='bbox 350 3726 380 3780; x_wconf 89' lang='lat' dir='ltr'>in</span> <span class='ocrx_word' id='word_1_420' title='bbox 395 3725 469 3793; x_wconf 84' lang='lat' dir='ltr'>foro;</span> <span class='ocrx_word' id='word_1_421' title='bbox 488 3728 560 3782; x_wconf 88' lang='lat' dir='ltr'>Phil.</span> <span class='ocrx_word' id='word_1_422' title='bbox 574 3733 605 3782; x_wconf 79' lang='lat'>12</span> <span class='ocrx_word' id='word_1_423' title='bbox 620 3732 662 3793; x_wconf 74' lang='lat'>§2</span> <span class='ocrx_word' id='word_1_424' title='bbox 681 3729 709 3782; x_wconf 89' lang='lat' dir='ltr'>h.</span> <span class='ocrx_word' id='word_1_425' title='bbox 762 3726 886 3782; x_wconf 85' lang='lat' dir='ltr'>forenses</span> <span class='ocrx_word' id='word_1_426' title='bbox 903 3727 995 3796; x_wconf 84' lang='lat' dir='ltr'>ferias,</span> <span class='ocrx_word' id='word_1_427' title='bbox 1015 3729 1050 3784; x_wconf 88' lang='lat' dir='ltr'>de</span> <span class='ocrx_word' id='word_1_428' title='bbox 1070 3730 1115 3787; x_wconf 90' lang='lat' dir='ltr'>Or.</span> <span class='ocrx_word' id='word_1_429' title='bbox 1136 3737 1152 3785; x_wconf 89' lang='lat'><strong>3</strong></span> <span class='ocrx_word' id='word_1_430' title='bbox 1172 3734 1245 3796; x_wconf 69' lang='lat'><strong>§85-</strong></span> 
     </span>
     <span class='ocr_line' id='line_1_44' title="bbox 148 3794 1322 3869; baseline 0.003 -19"><span class='ocrx_word' id='word_1_431' title='bbox 148 3796 178 3850; x_wconf 87' lang='lat' dir='ltr'>in</span> <span class='ocrx_word' id='word_1_432' title='bbox 200 3794 293 3860; x_wconf 81' lang='lat' dir='ltr'>vultu3</span> <span class='ocrx_word' id='word_1_433' title='bbox 311 3796 347 3850; x_wconf 85' lang='lat' dir='ltr'>do</span> <span class='ocrx_word' id='word_1_434' title='bbox 362 3797 435 3852; x_wconf 75' lang='lat' dir='ltr'>Oai</span> <span class='ocrx_word' id='word_1_435' title='bbox 454 3802 537 3863; x_wconf 76' lang='lat'>§264</span> <span class='ocrx_word' id='word_1_436' title='bbox 555 3798 585 3852; x_wconf 89' lang='lat' dir='ltr'>in</span> <span class='ocrx_word' id='word_1_437' title='bbox 603 3798 709 3853; x_wconf 84' lang='lat' dir='ltr'>subsel·</span> <span class='ocrx_word' id='word_1_438' title='bbox 801 3803 842 3853; x_wconf 85' lang='grc'>16.</span> <span class='ocrx_word' id='word_1_439' title='bbox 872 3797 984 3854; x_wconf 76' lang='lat' dir='ltr'>Ontonia</span> <span class='ocrx_word' id='word_1_440' title='bbox 1011 3802 1084 3856; x_wconf 71' lang='lat' dir='ltr'>illac</span> <span class='ocrx_word' id='word_1_441' title='bbox 1111 3832 1145 3841; x_wconf 91' lang='lat'>-—</span> <span class='ocrx_word' id='word_1_442' title='bbox 1172 3803 1204 3856; x_wconf 76' lang='lat' dir='ltr'>in</span> <span class='ocrx_word' id='word_1_443' title='bbox 1230 3801 1322 3869; x_wconf 76' lang='lat' dir='ltr'>princ.</span> 
     </span>
     <span class='ocr_line' id='line_1_45' title="bbox 150 3864 1324 3938; baseline 0.002 -17"><span class='ocrx_word' id='word_1_444' title='bbox 150 3865 207 3922; x_wconf 89' lang='lat' dir='ltr'>liis.</span> <span class='ocrx_word' id='word_1_445' title='bbox 236 3864 299 3919; x_wconf 88' lang='lat' dir='ltr'>Wir</span> <span class='ocrx_word' id='word_1_446' title='bbox 316 3867 408 3935; x_wconf 80' lang='lat' dir='ltr'>geben</span> <span class='ocrx_word' id='word_1_447' title='bbox 425 3867 554 3923; x_wconf 85' lang='lat' dir='ltr'>habitare</span> <span class='ocrx_word' id='word_1_448' title='bbox 572 3869 630 3923; x_wconf 89' lang='lat' dir='ltr'>und</span> <span class='ocrx_word' id='word_1_449' title='bbox 647 3885 709 3938; x_wconf 87' lang='lat' dir='ltr'>pre·</span> <span class='ocrx_word' id='word_1_450' title='bbox 765 3868 841 3938; x_wconf 65' lang='grc' dir='ltr'>Θήρ.</span> <span class='ocrx_word' id='word_1_451' title='bbox 864 3868 899 3924; x_wconf 90' lang='lat' dir='ltr'>cf.</span> <span class='ocrx_word' id='word_1_452' title='bbox 919 3870 1027 3926; x_wconf 79' lang='lat' dir='ltr'>cornel.</span> <span class='ocrx_word' id='word_1_453' title='bbox 1046 3871 1080 3925; x_wconf 88' lang='lat' dir='ltr'>N.</span> <span class='ocrx_word' id='word_1_454' title='bbox 1100 3872 1159 3929; x_wconf 79' lang='lat' dir='ltr'>Cat.</span> <span class='ocrx_word' id='word_1_455' title='bbox 1179 3878 1208 3926; x_wconf 88' lang='lat'>3:</span> <span class='ocrx_word' id='word_1_456' title='bbox 1233 3872 1324 3926; x_wconf 84' lang='lat' dir='ltr'>Senex</span> 
     </span>
     <span class='ocr_line' id='line_1_46' title="bbox 148 3936 1323 4013; baseline 0.003 -21"><span class='ocrx_word' id='word_1_457' title='bbox 148 3954 226 4006; x_wconf 79' lang='lat' dir='ltr'>mera</span> <span class='ocrx_word' id='word_1_458' title='bbox 245 3952 291 3990; x_wconf 86' lang='lat' dir='ltr'>arn</span> <span class='ocrx_word' id='word_1_459' title='bbox 305 3936 405 3992; x_wconf 87' lang='lat' dir='ltr'>besten</span> <span class='ocrx_word' id='word_1_460' title='bbox 422 3938 612 4007; x_wconf 81' lang='lat' dir='ltr'>negativisch:</span> <span class='ocrx_word' id='word_1_461' title='bbox 630 3939 710 3995; x_wconf 87' lang='lat' dir='ltr'>nicht</span> <span class='ocrx_word' id='word_1_462' title='bbox 764 3938 885 3994; x_wconf 87' lang='lat' dir='ltr'>scribere</span> <span class='ocrx_word' id='word_1_463' title='bbox 903 3939 1035 3996; x_wconf 88' lang='lat' dir='ltr'>historias</span> <span class='ocrx_word' id='word_1_464' title='bbox 1053 3941 1186 4012; x_wconf 87' lang='lat' dir='ltr'>instituit,</span> <span class='ocrx_word' id='word_1_465' title='bbox 1205 3959 1323 4013; x_wconf 89' lang='lat' dir='ltr'>quarum</span> 
     </span>
     <span class='ocr_line' id='line_1_47' title="bbox 150 4007 1324 4082; baseline 0.003 -19"><span class='ocrx_word' id='word_1_466' title='bbox 150 4026 200 4063; x_wconf 88' lang='lat' dir='ltr'>aus</span> <span class='ocrx_word' id='word_1_467' title='bbox 223 4007 279 4061; x_wconf 89' lang='lat' dir='ltr'>den</span> <span class='ocrx_word' id='word_1_468' title='bbox 296 4007 397 4077; x_wconf 79' lang='lat' dir='ltr'>Augen</span> <span class='ocrx_word' id='word_1_469' title='bbox 421 4010 524 4078; x_wconf 82' lang='lat' dir='ltr'>gehen,</span> <span class='ocrx_word' id='word_1_470' title='bbox 547 4010 626 4065; x_wconf 91' lang='lat' dir='ltr'>nicht</span> <span class='ocrx_word' id='word_1_471' title='bbox 643 4028 709 4066; x_wconf 86' lang='lat' dir='ltr'>vom</span> <span class='ocrx_word' id='word_1_472' title='bbox 764 4012 830 4065; x_wconf 89' lang='lat' dir='ltr'>sunt</span> <span class='ocrx_word' id='word_1_473' title='bbox 847 4010 914 4065; x_wconf 87' lang='lat' dir='ltr'>libri</span> <span class='ocrx_word' id='word_1_474' title='bbox 928 4015 1044 4082; x_wconf 87' lang='lat' dir='ltr'>septam.</span> <span class='ocrx_word' id='word_1_475' title='bbox 1071 4012 1181 4068; x_wconf 89' lang='lat' dir='ltr'>Primus</span> <span class='ocrx_word' id='word_1_476' title='bbox 1196 4011 1324 4069; x_wconf 86' lang='lat' dir='ltr'>continet</span> 
     </span>
     <span class='ocr_line' id='line_1_48' title="bbox 150 4077 1323 4153; baseline 0.003 -20"><span class='ocrx_word' id='word_1_477' title='bbox 150 4077 261 4134; x_wconf 83' lang='lat' dir='ltr'>Markte</span> <span class='ocrx_word' id='word_1_478' title='bbox 279 4079 412 4136; x_wconf 84' lang='lat' dir='ltr'>walchen.</span> <span class='ocrx_word' id='word_1_479' title='bbox 574 4138 589 4152; x_wconf 87' lang='lat'>..</span> <span class='ocrx_word' id='word_1_480' title='bbox 762 4098 808 4135; x_wconf 87' lang='lat' dir='ltr'>res</span> <span class='ocrx_word' id='word_1_481' title='bbox 825 4084 919 4150; x_wconf 81' lang='lat' dir='ltr'>gestas</span> <span class='ocrx_word' id='word_1_482' title='bbox 936 4099 1033 4152; x_wconf 80' lang='lat' dir='ltr'>regum</span> <span class='ocrx_word' id='word_1_483' title='bbox 1053 4084 1152 4153; x_wconf 90' lang='lat' dir='ltr'>populi</span> <span class='ocrx_word' id='word_1_484' title='bbox 1165 4087 1206 4151; x_wconf 76' lang='lat' dir='ltr'>n,</span> <span class='ocrx_word' id='word_1_485' title='bbox 1225 4100 1323 4140; x_wconf 87' lang='lat' dir='ltr'>sccun-</span> 
     </span>
    </p>

    <p class='ocr_par' dir='ltr' id='par_1_8' title="bbox 151 4150 1324 4434">
     <span class='ocr_line' id='line_1_49' title="bbox 188 4150 1322 4223; baseline 0.003 -20"><span class='ocrx_word' id='word_1_486' title='bbox 188 4155 230 4204; x_wconf 81' lang='lat'>13.</span> <span class='ocrx_word' id='word_1_487' title='bbox 252 4151 338 4205; x_wconf 77' lang='lat' dir='ltr'>otium</span> <span class='ocrx_word' id='word_1_488' title='bbox 356 4181 391 4191; x_wconf 92' lang='lat'><em>-</em></span> <span class='ocrx_word' id='word_1_489' title='bbox 410 4152 532 4206; x_wconf 82' lang='lat' dir='ltr'>otiosum.</span> <span class='ocrx_word' id='word_1_490' title='bbox 569 4150 709 4207; x_wconf 85' lang='lat' dir='ltr'>Ahnlicha</span> <span class='ocrx_word' id='word_1_491' title='bbox 764 4151 816 4206; x_wconf 85' lang='lat' dir='ltr'>dus</span> <span class='ocrx_word' id='word_1_492' title='bbox 832 4154 862 4206; x_wconf 88' lang='lat' dir='ltr'>et</span> <span class='ocrx_word' id='word_1_493' title='bbox 879 4154 979 4208; x_wconf 84' lang='lat' dir='ltr'>tertius</span> <span class='ocrx_word' id='word_1_494' title='bbox 994 4153 1068 4208; x_wconf 90' lang='lat' dir='ltr'>unde</span> <span class='ocrx_word' id='word_1_495' title='bbox 1082 4172 1209 4223; x_wconf 88' lang='lat' dir='ltr'>quaeque</span> <span class='ocrx_word' id='word_1_496' title='bbox 1223 4153 1322 4208; x_wconf 84' lang='lat' dir='ltr'>civitas</span> 
     </span>
     <span class='ocr_line' id='line_1_50' title="bbox 151 4220 1324 4292; baseline 0.003 -19"><span class='ocrx_word' id='word_1_497' title='bbox 151 4220 477 4291; x_wconf 82' lang='lat' dir='ltr'>Zusammenstellungcn</span> <span class='ocrx_word' id='word_1_498' title='bbox 519 4223 566 4277; x_wconf 89' lang='lat' dir='ltr'>bei</span> <span class='ocrx_word' id='word_1_499' title='bbox 606 4223 711 4277; x_wconf 80' lang='lat' dir='ltr'>Ennius</span> <span class='ocrx_word' id='word_1_500' title='bbox 765 4225 828 4277; x_wconf 87' lang='lat' dir='ltr'>orta</span> <span class='ocrx_word' id='word_1_501' title='bbox 840 4223 878 4277; x_wconf 89' lang='lat' dir='ltr'>sit</span> <span class='ocrx_word' id='word_1_502' title='bbox 886 4223 1000 4292; x_wconf 74' lang='lat' dir='ltr'>Italica,</span> <span class='ocrx_word' id='word_1_503' title='bbox 1015 4225 1051 4279; x_wconf 94' lang='lat' dir='ltr'>ob</span> <span class='ocrx_word' id='word_1_504' title='bbox 1061 4241 1146 4292; x_wconf 88' lang='lat' dir='ltr'>quam</span> <span class='ocrx_word' id='word_1_505' title='bbox 1157 4241 1217 4279; x_wconf 90' lang='lat' dir='ltr'>rem</span> <span class='ocrx_word' id='word_1_506' title='bbox 1228 4238 1324 4277; x_wconf 88' lang='lat' dir='ltr'>omnes</span> 
     </span>
     <span class='ocr_line' id='line_1_51' title="bbox 151 4289 1322 4365; baseline 0.007 -24"><span class='ocrx_word' id='word_1_507' title='bbox 151 4289 242 4360; x_wconf 82' lang='lat' dir='ltr'>Iphig.</span> <span class='ocrx_word' id='word_1_508' title='bbox 260 4291 325 4348; x_wconf 84' lang='lat' dir='ltr'>fr.3</span> <span class='ocrx_word' id='word_1_509' title='bbox 344 4292 426 4348; x_wconf 82' lang='lat' dir='ltr'>Ribb.</span> <span class='ocrx_word' id='word_1_510' title='bbox 465 4293 530 4348; x_wconf 86' lang='lat' dir='ltr'>Otio</span> <span class='ocrx_word' id='word_1_511' title='bbox 549 4292 599 4361; x_wconf 87' lang='lat' dir='ltr'>qui</span> <span class='ocrx_word' id='word_1_512' title='bbox 620 4294 711 4348; x_wconf 78' lang='lat' dir='ltr'>nescit</span> <span class='ocrx_word' id='word_1_513' title='bbox 766 4292 894 4362; x_wconf 79' lang='lat' dir='ltr'>Origines</span> <span class='ocrx_word' id='word_1_514' title='bbox 925 4295 1037 4349; x_wconf 79' lang='lat' dir='ltr'>videtur</span> <span class='ocrx_word' id='word_1_515' title='bbox 1072 4295 1232 4365; x_wconf 86' lang='lat' dir='ltr'>appellasse</span> <span class='ocrx_word' id='word_1_516' title='bbox 1269 4294 1322 4349; x_wconf 81' lang='lat' dir='ltr'>etc</span> 
     </span>
     <span class='ocr_line' id='line_1_52' title="bbox 153 4361 916 4434; baseline 0.01 -21"><span class='ocrx_word' id='word_1_517' title='bbox 153 4361 204 4429; x_wconf 86' lang='lat' dir='ltr'>uti,</span> <span class='ocrx_word' id='word_1_518' title='bbox 222 4362 285 4430; x_wconf 81' lang='lat' dir='ltr'>plus</span> <span class='ocrx_word' id='word_1_519' title='bbox 303 4363 401 4430; x_wconf 79' lang='lat' dir='ltr'>negoti</span> <span class='ocrx_word' id='word_1_520' title='bbox 419 4362 514 4434; x_wconf 91' lang='lat' dir='ltr'>habet,</span> <span class='ocrx_word' id='word_1_521' title='bbox 534 4364 624 4429; x_wconf 75' lang='lat' dir='ltr'>Quam</span> <span class='ocrx_word' id='word_1_522' title='bbox 640 4365 710 4434; x_wconf 84' lang='lat' dir='ltr'>(ille)</span> <span class='ocrx_word' id='word_1_523' title='bbox 764 4362 916 4433; x_wconf 80' lang='lat' dir='ltr'>(Anhang).</span> 
     </span>
    </p>
   </div>
   <div class='ocr_carea' id='block_1_4' title="bbox 0 0 1552 4842">
    <p class='ocr_par' dir='ltr' id='par_1_9' title="bbox 0 0 1552 4842">
     <span class='ocr_line' id='line_1_53' title="bbox 0 0 1552 4842; baseline 0 0"><span class='ocrx_word' id='word_1_524' title='bbox 0 0 1552 4842; x_wconf 95' lang='lat' dir='ltr'> </span> 
     </span>
    </p>
   </div>
  </div>
 </body>
</html>
