3084 4842
786 218 792 229 ²
825 231 834 248 ο
871 232 877 244 1
920 230 1016 248 emi
1049 230 1108 247 το.»
1145 236 1173 251 ,,

567 249 636 305 cm
731 246 764 304 ee
869 260 877 278 ο

638 255 729 306 ,37-
767 254 997 319 ιδ,90“,“92υ”’
1028 276 1172 313 ‘.J³‚“,.
1213 274 1224 309 Ι,
1292 248 1314 314 Ο

757 315 759 319 ¹
809 322 954 341 )J)171
998 309 1135 337 ,quqmys
1188 300 1213 337 vj,

169 438 221 481 me
244 418 351 479 autem
374 412 515 500 negasti,
544 412 579 476 in
607 434 644 477 eo
672 434 776 497 neque
803 416 836 477 te
862 434 965 497 neque
993 433 1186 495 quemquam
1214 410 1335 475 diutius

169 504 277 589 patiar
299 524 413 595 errare.
459 499 641 566 XXXVIII.
678 501 764 567 Nem
792 501 915 587 siquis
943 501 1062 567 idcirco
1089 499 1210 585 aliquid
1233 499 1272 564 de
1295 500 1336 563 Ii-

169 594 296 658 bertate
319 614 392 656 mee
414 591 613 655 deminutum
635 593 742 674 putat,
770 590 855 675 quod
877 611 944 655 non
966 590 1007 654 eb
1031 589 1181 657 omnibus
1204 587 1337 668 eisdem,

171 681 330 765 aquibus
354 682 450 744 antee
474 680 587 744 solitus
611 700 682 743 sum
707 678 887 762 dissentire,
910 679 1113 760 dissentiam,
1134 677 1284 761 primum,
1308 677 1336 740 si

134 772 253 836 chene
272 769 311 834 de
335 791 386 833 me
409 768 532 833 meritis
552 772 682 851 gratum
705 789 756 831 me
780 768 930 851 praebeo,
951 788 1019 832 non
1042 766 1152 831 desino
1175 766 1337 830 incurrere

172 860 208 924 in
225 858 347 924 crimen
360 857 500 922 hominis
515 856 652 921 nimium
666 857 818 921 memoris
837 856 1036 940 nimiumque
1051 854 1150 941 greti3
1165 854 1339 919 sinautem

165 947 347 1031 ‘aliquando
367 947 435 1011 sine
453 945 520 1009 ullo
539 945 586 1009 rei
603 946 752 1030 publicae
771 945 965 1010 detrimento
983 944 1120 1027 respicio
1139 943 1237 1008 etiem
1257 942 1339 1007 selu·

171 1039 238 1100 tem
262 1057 335 1099 cum
354 1056 458 1099 meum
476 1038 546 1097 tum
569 1055 723 1113 meorum,
746 1038 833 1099 certe
850 1055 918 1098 non
940 1033 1037 1098 modo
1056 1054 1123 1097 non
1141 1054 1212 1096 sum
1229 1052 1339 1115 repre-

173 1123 374 1208 hendendus,
401 1123 457 1188 sed
480 1122 578 1187 etiem
603 1122 630 1186 si
652 1144 744 1187 ruere
763 1123 893 1206 vellem,
920 1122 997 1186 boni
1015 1121 1078 1187 viri
1100 1142 1161 1203 me,
1184 1124 1221 1184 ut
1242 1120 1276 1183 id
1297 1141 1339 1184 ne

118 1226 154 1276 10
174 1213 327 1293 facerem,
359 1215 520 1297 rogarent.
566 1210 629 1275 Res
657 1233 733 1276 vero
760 1212 833 1295 ipse
864 1210 1007 1296 publice,
1039 1210 1067 1275 si
1098 1209 1188 1294 loqui
1218 1211 1338 1294 posset,
1348 1212 1395 1277 92

173 1305 284 1387 egeret
307 1322 432 1366 meeum
459 1304 508 1382 ut,
539 1300 692 1384 quonism
720 1300 783 1365 sibi
811 1301 982 1365 servissem
1010 1320 1148 1384 semper,
1174 1319 1339 1382 nunquam

171 1390 265 1473 mihi,
297 1389 421 1454 fructus
452 1392 561 1453 autem
588 1411 627 1452 ex
655 1409 724 1453 sese
751 1410 831 1467 non,
858 1392 896 1452 ut
924 1388 1139 1471 oportuisset,
1170 1387 1274 1451 laetos
1307 1390 1340 1450 et

172 1479 296 1559 uberes,
318 1477 375 1542 sed
394 1497 515 1561 magne
533 1476 709 1542 acerbitate
728 1476 906 1560 permixtos
929 1476 1088 1560 tulissem,
1110 1480 1147 1540 ut
1169 1476 1236 1539 iem
1259 1473 1340 1539 mihi

172 1668 224 1705 aus
237 1651 329 1706 einem
343 1650 602 1718 vorengedsehten:
620 1648 732 1704 Hieron
785 1649 840 1703 den
868 1647 897 1703 C.
920 1647 1042 1704 Licinius
1065 1648 1166 1703 Calvus
1194 1647 1229 1701 de
1253 1646 1340 1701 Soda-

175 1722 247 1778 hebe
269 1720 316 1775 ich
344 1718 548 1775 eusfdhrlicher
570 1720 731 1790 gehendelt,
786 1717 858 1774 liciis
876 1717 1044 1788 verteidigte
1067 1720 1124 1772 und
1147 1717 1247 1772 dessen
1264 1717 1341 1772 Frei-

173 1793 260 1848 denn
277 1808 335 1846 was
353 1791 391 1845 du
410 1793 488 1845 sonst
506 1792 578 1846 noch
597 1792 649 1845 etc.
785 1791 944 1861 sprechung
966 1790 1150 1845 durchsetzte.
1186 1789 1341 1844 Besonders

210 1871 234 1918 1.
253 1880 287 1917 ue
304 1864 368 1930 usti,
381 1880 418 1917 sc.
432 1861 553 1915 liberum
567 1878 634 1916 esse
663 1861 731 1916 Deis
786 1861 838 1916 auf
861 1862 957 1916 diesen
979 1860 1042 1916 Fell
1067 1862 1178 1916 mochte
1198 1859 1341 1915 Laterens.

173 1933 255 1988 indes
282 1880 343 1990 det.
371 1933 426 1988 mit
455 1932 560 2014 seinem
586 1933 732 1988 Vcrwurfe
785 1933 974 2006 hingewiesen
991 1932 1097 2000 haben,
1123 1932 1173 1986 der
1190 1931 1277 1987 durch
1296 1931 1341 1986 dIe

174 2004 480 2071 nichtIInrechthette,
495 2006 569 2073 zergt
579 2003 634 2059 Cic.
646 2004 733 2059 selbst
786 2004 969 2059 Ahnliehkeit
991 2003 1040 2058 des
1060 2002 1245 2073 Klagobjekts
1269 2003 1342 2057 noch

175 2075 213 2129 ad
231 2075 290 2129 Att.
312 2081 342 2142 4,
366 2080 382 2129 6
407 2077 443 2141 (a.
462 2081 514 2130 698
529 2100 562 2121 =
577 2076 635 2143 66):
660 2073 733 2139 Quid
786 2075 816 2130 in
837 2073 970 2130 frischem
991 2074 1182 2145 Angedenhen
1204 2090 1262 2128 wer
1284 2073 1341 2127 und

175 2145 285 2201 foedius
297 2147 394 2200 nostre
402 2146 480 2201 vita?
494 2147 643 2216 praecipue
653 2153 732 2202 mee?
786 2148 874 2202 durch
902 2148 947 2201 die
975 2145 1143 2215 verteidigte
1165 2144 1270 2198 Person
1296 2143 1342 2198 die

174 2234 241 2271 nem
255 2222 287 2272 tu
297 2216 418 2286 quidem,
433 2217 486 2272 etsi
500 2234 530 2271 es
544 2218 645 2272 nature
657 2222 733 2272 πολι·
787 2216 946 2272 Unfreiheit
959 2215 1069 2271 Ciceros
1083 2217 1214 2270 erhhrten
1227 2214 1341 2270 honnte.

174 2283 265 2356 τικός,
296 2290 392 2342 temen
418 2288 526 2342 nullam
554 2288 642 2343 hebes
668 2305 731 2358 pro
821 2293 846 2343 4.
865 2289 1032 2344 dissentiam.
1060 2286 1097 2342 ed
1119 2289 1195 2342 Fam.
1215 2292 1239 2352 1,
1254 2292 1279 2352 9,
1297 2291 1342 2339 17ε

174 2358 267 2427 prium
281 2360 456 2414 servitutem:
476 2360 615 2415 communi
632 2359 733 2414 frueris
787 2359 861 2413 Illud
883 2376 949 2413 vero
972 2375 1028 2414 non
1051 2357 1166 2414 obscure
1190 2358 1344 2427 queruntur

177 2430 297 2485 nomine.
333 2431 394 2499 Ego
412 2448 491 2498 vero,
510 2430 571 2499 qui,
592 2430 617 2484 si
634 2431 733 2499 loquor
786 2431 816 2484 in
843 2430 912 2484 meis
934 2427 1092 2495 sententiis,
1121 2428 1221 2497 quibus
1247 2443 1343 2483 ornem

175 2502 211 2555 de
229 2518 260 2556 re
278 2520 305 2571 p.
325 2502 400 2569 quod
418 2504 540 2571 oportet,
558 2501 685 2567 insunus3
709 2500 734 2554 si
788 2501 947 2568 Caesarem,
975 2499 1057 2570 quasi
1079 2499 1231 2555 descissem
1249 2515 1267 2553 e
1288 2499 1344 2568 pri·

175 2571 252 2641 quod
266 2589 336 2642 opus
350 2573 400 2640 est,
421 2591 516 2628 servus
534 2572 689 2638 existimor;
709 2573 733 2625 si
788 2570 863 2627 stina
881 2588 972 2627 causa.

173 2644 266 2710 taceo,
281 2660 429 2713 oppressus
443 2648 473 2699 et
486 2645 596 2713 captim
616 2660 670 2712 quo
685 2643 733 2698 do·
819 2644 941 2712 primum
955 2659 977 2697 c.
996 2640 1091 2696 Cicero
1108 2643 1183 2710 segt:
1201 2639 1251 2694 Ich
1268 2640 1345 2694 kann

175 2713 235 2767 lore
254 2730 313 2768 esse
332 2714 439 2769 debeo?
462 2731 517 2783 quo
541 2733 601 2769 sum
625 2713 734 2768 scilicet
788 2730 818 2770 es
836 2714 900 2769 dem
917 2714 978 2767 Lat
997 2712 1027 2766 in
1045 2712 1141 2767 keiner
1155 2712 1248 2766 Weiss
1264 2710 1345 2765 recht

176 2784 231 2837 hoc
250 2783 334 2837 etiem
353 2784 474 2852 acriore,
494 2784 621 2852 quodne
639 2783 734 2839 dolere
787 2784 917 2852 mechen3
941 2782 1069 2838 schliefee
1091 2782 1138 2837 ich
1160 2783 1235 2838 mich
1254 2798 1345 2837 neuen

177 2852 291 2921 quidem
315 2871 440 2923 possum,
467 2858 500 2910 ut
526 2871 582 2910 non
608 2855 734 2923 ingratus
788 2855 936 2910 Freunden
955 2871 1005 2923 en,
1032 2871 1062 2909 so
1085 2854 1176 2908 tndelt
1198 2870 1228 2908 er
1251 2851 1344 2907 meine

175 2924 280 2992 videar,
298 2926 355 2979 und
369 2925 405 2979 ed
421 2924 452 2989 Q.
466 2926 499 2979 fr.
515 2930 540 2992 3,
555 2931 570 2979 5
585 2928 621 2993 (e
638 2930 689 2979 700
700 2951 733 2971 =
788 2923 1060 2996 Wankelmhtigkeit
1080 2923 1137 2978 und
1159 2926 1245 2979 nennt
1268 2923 1344 2977 mich

175 2996 235 3064 54):
260 3011 348 3065 ungor
362 3027 395 3036 -
410 2995 495 3065 illud,
537 2997 592 3052 uod
612 3013 629 3051 u
646 3012 732 3066 puero
788 2996 891 3063 unfrei3
914 2997 1028 3051 erweise
1054 2995 1102 3049 ich
1129 2995 1204 3050 mich
1231 2992 1344 3050 meinen

175 3063 581 3158 edemsrsmulhrdpccteoew
594 3063 732 3122 nutrimi-
787 3070 864 3123 alten
882 3066 1028 3122 Freunden
1046 3066 1189 3121 dieustbar
1207 3066 1290 3134 (bene
1308 3065 1346 3120 de

175 3157 260 3207 ροχον
284 3136 404 3207 ἔμμεναι
432 3143 522 3194 αλλων
545 3140 637 3194 totum
661 3139 732 3194 ccci·
787 3156 831 3194 me
850 3142 942 3209 mer),
967 3155 997 3194 so
1016 3136 1101 3193 schilt
1118 3155 1149 3192 er
1171 3135 1246 3192 mich
1270 3135 1345 3192 elliu

174 3207 262 3264 disse:
291 3207 421 3264 inimicos
443 3227 460 3264 a
482 3225 527 3264 me
549 3211 653 3280 purtim
675 3226 732 3265 non
786 3210 920 3268 denkber.

174 3283 360 3350 oppugnatos,
379 3281 483 3350 partim
502 3280 587 3335 etiem
607 3296 668 3336 esse
685 3281 731 3335 de·
822 3287 846 3337 7.
865 3282 959 3351 respic.
978 3281 1043 3347 sud,
1062 3280 1197 3347 dudureh,
1217 3277 1278 3333 dass
1296 3278 1343 3333 ich

174 3351 281 3406 fensos:
304 3368 397 3405 meum
415 3370 472 3407 non
490 3353 573 3407 modo
598 3352 730 3419 animum,
786 3353 840 3407 den
850 3352 976 3423 jetzigen
985 3351 1196 3417 Mechthubern',
1211 3368 1228 3404 u
1241 3349 1342 3418 quibus

176 3422 225 3477 sed
238 3437 274 3475 ne
289 3422 385 3476 edium
397 3424 511 3503 quidem
529 3439 590 3477 esse
602 3421 731 3478 liberum.
785 3426 870 3478 entes
888 3422 987 3477 solitus
1005 3439 1067 3476 sum
1086 3421 1244 3489 dissentire,
1267 3418 1343 3474 mich

175 3492 258 3547 Seine
272 3492 430 3549 Unfreihert
446 3493 513 3549 kam
531 3493 581 3548 her
599 3511 655 3548 von
668 3493 731 3549 dem
786 3494 961 3561 anschliesse,
981 3494 1037 3563 vgl.
1057 3493 1094 3547 ed
1111 3493 1188 3548 Fam.
1209 3496 1233 3559 1,
1252 3497 1277 3546 9.

175 3564 271 3630 Denk,
294 3582 327 3618 zu
345 3564 481 3620 welchem
504 3582 534 3620 er
552 3563 607 3619 den
625 3565 732 3619 Macht
823 3571 848 3621 9.
864 3581 951 3632 ruere,
967 3564 1165 3632 ‘unbesonnem
1179 3562 1343 3632 blindlings,

175 3634 283 3688 habern
309 3635 487 3705 verpflichtet
513 3652 585 3703 wer,
617 3636 731 3705 welche,
785 3637 829 3691 ins
862 3634 948 3690 Bleue
980 3633 1077 3689 hinein
1108 3633 1252 3699 hendeln',
1285 3632 1342 3701 vgl.

175 3720 257 3758 wenu
269 3703 310 3759 sie
319 3708 390 3761 euch
400 3706 476 3762 seins
486 3706 733 3778 Zurfiekberuinng
785 3706 858 3762 Phil.
873 3706 942 3772 1115
957 3712 990 3761 31
1004 3723 1056 3761 nec
1074 3722 1151 3762 ruere
1168 3705 1275 3759 demeres
1290 3719 1343 3757 nee

175 3775 617 3848 niehtentschiedenbegdnstigt
624 3777 732 3846 hutten,
786 3779 878 3833 furere
896 3777 1007 3845 desinit,
1030 3794 1074 3846 ep.
1093 3777 1150 3831 Att.
1169 3781 1195 3842 4,
1214 3780 1240 3841 3,
1258 3778 1274 3826 2
1293 3773 1343 3827 ille

175 3846 733 3903 dochderselbenkeinenentechiedenen
786 3850 892 3904 demem
907 3865 994 3904 ruere.

175 3916 731 3990 Widerstendentgegengesetzthettem
822 3922 887 3977 boui
903 3920 967 3987 virt,
985 3917 1032 3973 die
1045 3916 1198 3983 Putrioten,
1217 3934 1238 3971 s.
1253 3921 1268 3982 ξ
1283 3922 1307 3968 1,

55 4046 59 4065 ι
175 3988 234 4041 und
251 3990 382 4044 entstund
401 3992 528 4045 eusdem
543 3990 668 4060 Streben,
687 3990 732 4046 die
821 3996 854 4045 ut
868 4022 901 4031 —
915 4007 956 4045 ue.
992 3989 1087 4044 Dnrch
1107 3992 1139 4042 ut
1156 4004 1190 4042 nc
1207 3986 1278 4041 wird
1297 3986 1344 4041 die

174 4059 495 4131 vertereneBedeutung
509 4061 616 4116 tiberell
630 4061 733 4117 wieder
786 4060 905 4116 Absicht
922 4062 965 4115 uls
983 4057 1264 4125 eusdrdckliche,
1287 4074 1344 4128 ge·

176 4131 374 4201 zugewinnen.
398 4133 731 4188 Erkumdedurchw‘th-
786 4132 1039 4199 flissentliche,
1075 4128 1342 4184 unumwundene

176 4202 247 4255 rend
268 4203 316 4257 des
336 4203 360 4258 J.
380 4209 415 4258 55
438 4203 468 4258 in
490 4203 551 4259 eine
575 4220 605 4258 eo
628 4203 732 4259 schiefe
786 4199 1344 4270 bezeichnet‘dochjunicht'(hnheng).

178 4273 268 4343 Lege,
287 4273 348 4329 dass
367 4292 397 4329 er
414 4291 439 4330 a.
459 4280 502 4345 54,
520 4275 661 4346 gedrbngt
677 4292 732 4331 von
824 4280 864 4330 10.
883 4275 938 4329 Res
952 4274 1039 4343 publ,
1061 4271 1118 4340 vgl.
1137 4285 1171 4321 zu
1189 4273 1262 4335 512.

178 4342 232 4397 den
257 4342 403 4401 I'drbitten
430 4346 520 4401 seiner
544 4345 667 4414 Gbnner,
692 4345 732 4400 im
823 4341 1344 4409 11.ut—ut.1terationnechlengem

178 4409 288 4483 August
310 4433 392 4487 roger
415 4417 469 4472 den
487 4415 618 4472 Vatinius
640 4433 732 4487 gegen
786 4414 999 4472 Zwischensetr.
