3084 4842
207 200 251 264 90
547 198 618 253 pao
639 197 694 252 66.
713 195 868 252 Purucro
888 198 1029 254 66666.

208 342 210 357 l

206 367 314 429 torum
340 364 426 429 inter
453 363 543 446 ipsos
571 361 809 442 contentiones,
836 364 874 424 ut
897 361 1008 427 eodem
1035 364 1181 448 tempore
1204 363 1238 427 in
1262 386 1373 429 omnes

207 474 320 517 verear
341 474 383 517 ne
406 452 460 517 vix
482 451 606 536 possim
630 455 742 535 gratus
765 449 877 515 videri.

155 542 196 607 79
297 539 359 606 Sed
379 562 439 626 ego
458 540 539 604 haee
557 539 637 604 meis
656 536 853 623 ponderibus
873 540 1073 624 examinabo,
1090 562 1156 605 non
1175 540 1282 606 solum
1296 542 1373 625 quid

206 630 320 716 cuique
344 630 491 707 debeam,
514 628 570 693 sed
594 628 692 692 etiam
713 628 791 712 quid
814 628 968 713 cuiusque
987 629 1118 694 intersit
1136 634 1169 693 et
1187 630 1264 715 quid
1285 653 1304 695 a
1322 653 1373 695 me

207 719 360 805 cuiusque
389 722 515 810 tempus
542 721 665 801 poscat.
710 715 861 781 XXXIII.
892 717 1012 803 Agitur
1040 718 1181 782 studium
1207 721 1411 785 tuumve15
1464 783 1467 787 ,
1526 780 1527 787 ,

207 807 315 891 etiam,
339 807 367 871 si
386 807 445 890 vis,
469 806 675 884 existimatio
699 807 769 870 laus
790 805 978 890 aedilitatis3
1002 810 1037 871 at
1056 806 1112 872 Cn.
1130 805 1257 872 Plancii
1276 809 1373 891 salus,
1526 808 1527 815 '

205 897 328 980 patria,
350 896 510 961 fortunae.
557 893 690 960 Salvum
712 898 749 959 tu
772 916 824 959 me
848 917 918 959 esse
941 895 1071 978 cupisti3
1099 895 1152 960 hic
1174 895 1253 961 fecit
1275 898 1373 962 etiam

206 990 243 1049 ut
262 1007 331 1050 6666
349 1007 489 1069 possem.
521 984 689 1049 Distineor
707 987 817 1048 tamen
835 987 868 1047 et
886 983 1021 1049 divellor
1039 985 1149 1050 dolore
1168 987 1201 1048 et
1223 987 1257 1049 in
1276 1008 1374 1052 causa

207 1074 328 1158 dispari
348 1074 467 1138 offendi
487 1078 520 1137 te
539 1095 559 1137 a
575 1094 628 1137 mc
648 1073 756 1157 doleo,
782 1073 845 1157 sed,
868 1072 1134 1155 mediusfidius,
1157 1075 1259 1140 multo
1279 1075 1372 1140 citius

207 1185 313 1227 meam
337 1163 473 1227 salutem
496 1184 556 1245 pro
577 1166 610 1227 tc
634 1162 778 1226 abiecero
803 1183 900 1246 quam
923 1159 980 1227 On.
998 1159 1124 1226 Plancii
1148 1162 1286 1227 salutem
1310 1168 1433 1233 tra-10

153 1258 196 1323 80
208 1251 319 1316 didero
339 1251 539 1316 contentioni
557 1254 642 1314 tuae.
674 1249 815 1334 Etenim,
837 1249 968 1328 iudices,
986 1272 1058 1314 oum
1079 1251 1229 1315 omnibus
1248 1254 1374 1319 virtuti-

206 1341 267 1405 bus
291 1361 342 1404 me
362 1339 523 1404 adfectum
543 1360 614 1403 esse
633 1340 738 1422 cupio,
760 1342 832 1421 tum
855 1339 936 1403 nihil
961 1343 1011 1404 est
1032 1339 1120 1432 guod
1143 1340 1252 1404 malim
1277 1360 1380 1427 qnam‘

205 1450 257 1493 me
281 1433 314 1493 66
338 1450 407 1493 6666
432 1431 560 1515 gratum
584 1433 617 1492 et
639 1428 751 1492 videri.
796 1427 885 1492 Haec
909 1432 960 1492 est
983 1429 1069 1492 enim
1094 1449 1159 1493 una
1180 1429 1283 1494 virtus
1310 1446 1375 1496 non

206 1518 312 1582 solum
335 1518 485 1600 maxima,
508 1517 682 1581 sedetiam
706 1519 810 1582 mater
829 1517 985 1581 virtutum
1005 1516 1150 1581 omnium
1170 1518 1374 1603 reliquarum.

205 1606 289 1683 Quid
308 1610 359 1671 est
380 1607 484 1690 pietas
503 1607 567 1670 nisi
586 1606 739 1670 voluntas
758 1609 853 1690 grata
871 1605 907 1669 in
928 1606 1102 1689 parentes?
1125 1608 1181 1690 qui
1201 1612 1276 1672 sunt
1295 1609 1373 1674 boni
1394 1628 1431 1678 15

204 1762 329 1833 optabile
355 1765 406 1818 est.
448 1763 494 1818 Sis
520 1764 612 1816 treten
640 1763 762 1833 gemein-
817 1761 963 1818 einfachen
977 1763 1049 1830 Fut,
1068 1781 1116 1816 um
1131 1763 1175 1818 die
1194 1781 1242 1816 zur
1255 1766 1373 1819 raschen

204 1834 354 1890 schaftlioh
372 1834 427 1900 ein,
446 1834 486 1887 sie
500 1832 702 1889 konkurrieren
715 1834 762 1890 bei
817 1833 1033 1903 Vollendung
1073 1835 1233 1905 drangende
1269 1836 1375 1891 Bereit-

202 1905 269 1973 mir,
292 1905 386 1959 indsm
410 1905 455 1960 die
479 1903 657 1959 Streitenden
680 1906 762 1976 jeder
816 1903 969 1973 willigkeit
1000 1906 1109 1959 starker
1140 1906 1375 1974 hervorzuheben,

203 1975 257 2030 mit
282 1976 372 2030 seiner
394 1975 470 2030 Bitte
494 1993 542 2029 um
564 1975 761 2031 Parteinahme
816 1975 873 2047 vgl.
888 1994 915 2045 p.
931 1975 999 2031 Sall.
1015 1982 1030 2041 5
1045 1982 1080 2031 90
1099 1977 1212 2032 libenter
1225 1980 1376 2034 reddiderit

204 2047 264 2102 sich
286 2063 323 2100 an
346 2046 421 2101 mich
438 2047 564 2101 wanden.
601 2048 639 2102 ad
661 2049 762 2102 meist
816 2064 853 2102 sc.
882 2047 952 2101 lucis
982 2064 1095 2101 usuram
1122 2048 1272 2119 (Anhang).
1318 2050 1377 2103 nur

203 2118 391 2188 ausgelassen,
406 2119 470 2173 weil
485 2134 514 2173 cs
529 2136 579 2173 aus
594 2118 659 2173 dem
672 2121 705 2175 de
721 2137 762 2174 me
816 2119 898 2172 citius
928 2118 968 2171 im
996 2117 1081 2172 Sinna
1107 2135 1162 2173 von
1191 2123 1286 2188 potius
1316 2122 1373 2191 vgl.

203 2205 237 2243 zu
255 2195 400 2259 erganzen.
816 2188 888 2242 Phil.
903 2189 929 2241 II
947 2194 962 2253 5
977 2194 1011 2242 25
1031 2190 1114 2243 citius
1129 2191 1255 2256 dixerim,
1274 2192 1333 2246 niv.
1349 2199 1374 2261 ὃ,

240 2266 264 2316 1.
283 2263 355 2315 inter
371 2262 445 2330 ipsos
463 2265 578 2316 conteret.
593 2287 628 2306 =
641 2261 715 2314 inter
732 2277 762 2314 66
816 2264 859 2325 24,
875 2266 890 2312 9
909 2260 1056 2313 morituros
1073 2276 1101 2314 se
1118 2262 1201 2314 citius
1218 2279 1308 2329 qoam.

203 2332 291 2401 ipsos,
321 2331 579 2402 ‘gegeneinander’,
611 2331 763 2386 involviert
853 2335 894 2384 13.
913 2330 979 2384 boec
996 2331 1074 2398 virt,
1093 2331 1168 2397 quod
1187 2335 1284 2399 gratus
1304 2350 1373 2401 sum,

203 2404 284 2458 einen
305 2404 385 2456 mehr
402 2403 470 2458 oder
487 2404 597 2457 minder
614 2403 702 2458 leicht
720 2417 762 2455 er·
816 2402 911 2469 gratus
930 2400 1047 2453 animus.
1075 2417 1134 2454 666
1148 2399 1227 2454 dient
1241 2418 1289 2455 zur
1304 2404 1373 2456 stoi-

203 2472 762 2543 166666666666666666666666666666
815 2486 923 2539 gerung
941 2470 990 2523 des
1010 2469 1192 2538 superlativa

204 2562 232 2600 se
247 2546 380 2600 einander
390 2545 457 2600 oder
465 2543 643 2616 gegenseitig
653 2542 762 2598 heissen
853 2544 894 2594 16.
914 2541 1006 2609 pietas
1028 2540 1066 2593 ist
1088 2540 1133 2594 bei
1156 2540 1209 2594 den
1228 2542 1307 2598 Rom.
1327 2543 1373 2597 ein

203 2618 306 2671 warde.
816 2611 923 2680 Begriff
938 2611 1081 2681 grosseren
1095 2611 1238 2682 Umfangs‚
1257 2614 1298 2668 als
1313 2614 1374 2668 hier

239 2693 264 2742 6.
283 2688 394 2758 Apitur.
426 2687 549 2741 Vorliert
566 2686 608 2739 Pl.
623 2685 677 2738 den
695 2684 761 2738 Pro·
816 2698 1020 2751 angenommsn
1039 2683 1117 2739 wird.
1146 2684 1192 2738 Sis
1210 2685 1248 2738 ist
1264 2684 1374 2739 iustitia

204 2758 273 2827 zels,
312 2776 342 2814 so
375 2760 412 2812 ist
446 2776 476 2812 er
512 2756 673 2825 burgerlich
709 2757 762 2823 tot,
816 2753 948 2809 adversus
972 2754 1038 2809 deos
1061 2755 1107 2823 (de
1128 2755 1162 2810 N.
1182 2755 1214 2809 D.
1236 2761 1263 2824 1,
1283 2762 1372 2821 §116-

204 2831 273 2901 geht
294 2829 338 2884 ins
355 2829 419 2884 Eril
438 2828 495 2882 und
513 2826 592 2882 bdsst
614 2826 675 2881 sein
693 2826 761 2880 Ver·
816 2826 850 2879 de
864 2826 924 2880 nin.
940 2832 965 2891 3,
981 2828 1058 2892 578),
1076 2828 1211 2894 aequitas,
1226 2844 1297 2896 quae
1311 2845 1373 2898 per·

204 2905 306 2972 mogon
325 2901 378 2956 ein.
815 2896 888 2951 tinet
901 2897 938 2950 ad
952 2897 1018 2952 deos
1034 2896 1139 2966 (Topic.
1156 2899 1239 2967 §90);
1259 2901 1299 2953 sie
1313 2917 1373 2953 um-

240 2979 264 3027 6.
292 2973 318 3026 si
340 2973 389 3026 oie.
426 2969 494 3024 Dals
513 2985 542 3024 66
566 2968 627 3022 sich
644 2987 692 3023 um
711 2968 760 3022 des
815 2966 967 3023 falstauch
982 2969 1125 3023 dieLiebe
1140 2987 1202 3023 zum
1213 2970 1374 3037 Vaterland,

204 3043 264 3098 Lat.
289 3041 459 3096 existimatio
482 3042 539 3094 und
561 3039 623 3094 laus
650 3040 761 3107 handle,
817 3055 852 3091 aa
869 3038 1069 3095 Verwaudten:
1094 3040 1197 3107 Pietas,
1216 3057 1287 3106 quae
1307 3057 1374 3110 erga

204 3114 242 3167 ist
261 3111 384 3167 namlich
403 3112 513 3167 Ciceros
532 3111 650 3165 Ansicht
670 3111 762 3178 nicht,
816 3109 939 3178 patriam
976 3113 1026 3165 aut
1061 3115 1190 3178 parentes
1223 3112 1272 3164 aut
1302 3110 1374 3166 alios

205 3183 303 3237 darum
322 3183 413 3237 dieser
432 3183 538 3249 Zusatz,
556 3181 610 3236 mit
627 3181 762 3235 walchem
817 3181 952 3249 sanguine
975 3179 1136 3235 coniunctos
1160 3181 1283 3235 officium
1311 3199 1375 3237 con·

206 3255 260 3310 oie.
271 3255 423 3308 hbchstens
434 3253 594 3321 nachgiebt,
603 3251 656 3307 wic
666 3268 762 3306 unser:
817 3267 927 3305 servare
942 3255 1039 3307 monet
1053 3251 1202 3321 (661662,
1217 3255 1296 3322 666),
1307 3254 1375 3308 oder

205 3343 287 3380 wenn
310 3325 347 3379 du
366 3325 438 3378 deun
457 3324 595 3376 durchaus
615 3321 709 3377 willst.
730 3353 762 3362 -—
817 3320 958 3375 Iustitiam
986 3322 1046 3377 cole
1070 3325 1099 3378 et
1125 3321 1274 3392 pietatem,
1302 3340 1375 3393 qnae

204 3398 327 3452 stadim
368 3392 492 3449 schreibt
531 3393 591 3447 ihm
627 3393 683 3449 Cic.
720 3412 762 3462 zu,
819 3410 881 3446 cum
909 3392 946 3448 sit
972 3409 1075 3463 magna
1101 3393 1131 3447 in
1159 3396 1321 3463 parentibus
1346 3399 1376 3450 et

205 3469 231 3540 d.
246 3467 274 3522 h.
294 3466 371 3521 Eiler
388 3467 435 3521 bei
452 3465 628 3536 Bewerbang
649 3483 697 3519 um
716 3466 761 3519 die
815 3464 988 3533 propinquis,
1012 3466 1072 3518 tum
1091 3463 1121 3518 in
1140 3467 1234 3535 patria
1252 3465 1376 3521 maxima

204 3537 332 3592 Adilitdt.
817 3536 860 3588 est
878 3535 982 3603 (Somn.
1004 3537 1076 3605 Soip.
1096 3538 1131 3604 3).
1164 3537 1244 3590 Anch
1262 3537 1376 3593 umfasst

240 3615 265 3665 8.
279 3609 459 3664 Distineoret
473 3609 596 3674 divellor,
610 3624 762 3677 synonyme
816 3605 858 3659 sie
885 3606 953 3673 alle,
978 3607 1023 3662 die
1048 3624 1100 3661 uns
1124 3607 1311 3663 Wohlthaten
1334 3625 1375 3663 er-

204 3681 288 3736 Vcrb.
307 3681 360 3735 wie
379 3686 421 3734 42.
438 3685 488 3735 102
513 3679 647 3734 divellere
670 3694 702 3734 ao
721 3679 763 3733 di·
815 3676 919 3732 wiesen
946 3679 1050 3745 haben,
1079 3698 1099 3734 s.
1124 3680 1196 3733 oben
1223 3684 1300 3744 §29-
1338 3680 1374 3733 ad

205 3752 330 3806 strahcrs
358 3751 466 3810 =,ich
494 3750 604 3805 befinde
631 3750 706 3805 mich
732 3749 762 3804 in
816 3748 892 3802 Fam.
909 3754 969 3815 1,1.
990 3756 1013 3817 1,
1029 3756 1053 3804 9.
1073 3755 1097 3818 6,
1113 3755 1155 3805 20.
1181 3750 1243 3804 Von
1260 3766 1375 3805 unserer

205 3824 295 3879 cinam
310 3821 694 3893 schmerzlichenZwiespalt.
708 3820 762 3876 Dis
817 3819 904 3874 Stella
926 3824 990 3890 sagt
1013 3821 1120 3875 Manui.
1138 3820 1177 3874 ad
1194 3821 1250 3876 Cic.
1269 3822 1319 3891 Ep.
1339 3822 1375 3876 ad

205 3893 367 3963 Synonyma
394 3895 518 3949 ersetaen
545 3891 606 3949 hier
633 3892 679 3949 ein
705 3892 761 3946 Ad·
816 3890 932 3957 F.1,1:
956 3894 1050 3961 Atque
1068 3892 1137 3946 hacc
1160 3909 1215 3947 uno
1234 3893 1296 3947 loco
1315 3910 1374 3947 om·
1469 3902 1472 3911 '

202 3965 302 4035 jektiv.
816 3961 864 4014 nia
881 3962 910 4014 in
929 3978 967 4016 or.
982 3979 1032 4032 pro
1046 3963 1087 4017 Pl.
1103 3979 1125 4018 c.
1143 3969 1176 4017 33
1196 3963 1374 4034 comprehen-

240 4037 271 4090 ia
289 4052 374 4091 caasa
390 4037 509 4105 dispari,
523 4035 588 4089 weil
602 4034 646 4089 dio
660 4033 707 4089 bei
720 4035 761 4090 Pl.
818 4032 928 4088 duntur.
947 4033 1039 4102 pietas
1056 4033 1130 4087 enim
1146 4035 1276 4089 definitur
1292 4035 1375 4103 grata

203 4108 261 4162 und
279 4105 340 4161 Lat.
361 4107 490 4162 auidam
510 4106 587 4176 Spiel
609 4106 762 4160 stehenden
816 4104 946 4158 voluntas
969 4104 999 4158 in
1021 4108 1165 4173 parentes,
1189 4105 1218 4159 in
1242 4104 1374 4174 patriam,

205 4180 294 4234 Gdtcr
312 4177 445 4248 ungleich
463 4194 565 4232 waren.
816 4173 846 4228 in
869 4175 949 4243 deos,
975 4174 1004 4229 in
1027 4176 1145 4230 amicost
1173 4191 1261 4245 eaque
1283 4176 1373 4230 tribus

242 4256 266 4305 9.
284 4267 325 4304 mc
343 4250 371 4305 d.
389 4251 446 4317 fid,
465 4268 485 4303 6.
505 4267 537 4302 66
556 4253 610 4313 69.
816 4245 906 4300 modis
925 4246 1063 4314 laudatur,
1083 4250 1115 4301 66
1128 4247 1225 4316 virtus,
1240 4249 1271 4300 ut
1284 4247 1374 4301 virtus

242 4327 283 4375 10.
303 4321 624 4385 abiecero—tradidero,
638 4317 761 4373 daant.
816 4317 951 4385 maxima,
978 4318 1011 4371 ut
1037 4319 1172 4372 virtutum
1203 4318 1375 4387 reliquarum

206 4394 293 4448 exact.
322 4392 399 4447 steht
426 4389 583 4447 rhetorisch
615 4392 685 4445 statt
712 4391 761 4444 des
816 4389 940 4442 omnium
959 4389 1056 4443 mater.
