3084 4842
239 178 283 242 32
576 178 648 234 PRO
668 178 723 233 CN.
743 178 907 234 PLANCIO.
922 178 1067 235 ORATIO.

238 344 395 425 putarem,
421 363 518 424 quam
538 344 588 405 est
605 341 676 423 hoc,
701 339 787 425 quod
805 345 842 405 tu
861 340 978 406 metuis
997 362 1038 405 ne
1058 362 1077 404 a
1095 340 1215 424 populo
1234 340 1412 408 iudicatum

239 450 308 494 esse
327 429 483 494 videatur.
520 429 596 494 Non
615 429 699 493 enim
720 429 860 494 comitiis
884 429 1007 493 iudicat
1031 450 1158 512 semper
1181 431 1332 513 populus,
1356 430 1413 495 sed

238 521 388 582 movetur
409 518 598 601 plerumque
622 517 743 602 gratia,
768 517 855 582 cedit
878 517 1039 601 precibus,
1061 517 1140 582 facit
1163 538 1227 596 eos,
1251 539 1270 582 a
1294 518 1411 602 quibus
1521 526 1522 541 ¹

238 608 289 669 est
321 607 459 670 maxime
491 605 646 670 ambitus:
679 605 831 690 denique,
863 606 992 670 etiamsi
1024 605 1158 688 iudicat,
1190 627 1256 670 non
1292 606 1411 671 dilectu

238 694 347 776 aliquo
371 697 428 758 aut
452 693 613 777 sapientia
636 693 764 759 ducitur
787 694 828 758 ad
851 694 1072 778 iudicandum,
1101 694 1157 758 scd
1182 694 1307 777 impetu
1329 713 1446 763 non-c

236 803 404 865 nunquam
423 785 455 846 et
475 782 613 867 quadam
631 783 731 847 etiam
749 783 942 847 temeritate.
970 780 1046 847 Non
1066 785 1116 846 est
1135 783 1221 847 enim
1240 782 1411 847 consilium

237 871 271 934 in
293 871 402 955 vulgo,
424 892 491 935 non
513 871 608 954 ratio,
631 892 698 935 non
722 870 904 955 discrimen,
928 892 993 935 non
1016 870 1198 955 diligentia:
1223 892 1411 955 semperque

238 959 402 1042 sapientes
426 981 477 1042 ea,
501 981 582 1044 quae
606 959 746 1044 populus
769 959 914 1042 fecisset,
937 958 1081 1041 ferenda,
1103 980 1170 1023 non
1193 980 1320 1042 semper
1342 959 1410 1024 lau·

238 1047 345 1111 danda
369 1047 536 1113 duxerunt.
575 1046 681 1124 Quare
707 1069 781 1112 cum
803 1051 836 1112 te
860 1047 998 1112 aedilem
1022 1047 1093 1111 fieri
1118 1047 1301 1131 oportuisse
1320 1048 1409 1129 dicis,

185 1137 227 1200 10
236 1136 350 1220 populi
380 1136 536 1219 culpam,
552 1157 618 1200 non
647 1136 870 1220 competitoris
900 1157 1039 1200 accusas.
1080 1134 1128 1201 Ut
1154 1135 1253 1200 fueris
1282 1134 1411 1221 dignior
1430 1154 1464 1204 10

236 1246 335 1307 quam
352 1222 557 1288 Plancius-
574 1223 612 1288 de
632 1245 696 1307 quo
716 1225 788 1308 ipso
806 1225 915 1289 tecum
933 1224 981 1288 ita
1000 1224 1191 1288 contendam
1209 1224 1306 1308 paulo
1326 1228 1409 1308 post,

236 1314 274 1375 ut
298 1333 485 1376 conservem
509 1313 703 1396 dignitatem
726 1315 819 1376 tuam
841 1349 886 1359 —
909 1312 965 1376 sed
987 1315 1025 1376 ut
1046 1311 1148 1377 fueris
1172 1312 1316 1396 dignior,
1344 1334 1410 1377 non

198 1481 202 1487 ὑ
237 1401 442 1484 competitor,
467 1423 485 1465 a
505 1422 569 1485 quo
589 1422 623 1465 es
642 1401 758 1483 victus,
783 1400 840 1469 sed
858 1401 1006 1485 populus,
1031 1423 1050 1464 a
1070 1421 1132 1484 quo
1152 1422 1186 1464 es
1205 1401 1410 1484 praeteritus,

235 1488 268 1552 in
297 1490 393 1573 culpe
421 1492 479 1554 est.
524 1489 564 1553 In
593 1511 656 1573 quo
684 1488 763 1553 illud
795 1488 938 1573 primum
968 1488 1065 1553 debes
1097 1492 1226 1572 putare,
1259 1489 1409 1573 comitiis,

235 1578 425 1660 praesertim
444 1577 610 1656 aediliciis,
630 1577 772 1642 studium
793 1598 863 1641 esse
882 1577 1004 1661 populi,
1022 1598 1088 1641 non
1106 1576 1272 1641 iudicium:
1296 1578 1408 1643 eblan-
1430 1594 1461 1643 15

236 1665 305 1730 dita
336 1666 407 1749 illa,
438 1688 505 1731 non
538 1667 705 1731 enucleata
729 1687 799 1730 esse
832 1665 1002 1750 suffragia:
1035 1687 1104 1749 eos,
1136 1666 1192 1748 qui
1219 1665 1409 1750 suffragium

235 1752 352 1838 ferant,
371 1754 448 1840 quid
467 1755 582 1839 cuique
600 1755 666 1839 ipsi
685 1754 824 1819 debeant
843 1753 1048 1819 considerare
1068 1755 1196 1836 saepius
1216 1775 1313 1837 quam
1331 1754 1409 1839 quid

237 1842 351 1925 cuique
371 1866 390 1907 a
411 1843 597 1927 republica
620 1842 784 1908 debeatur.
821 1840 1007 1907 sinautem
1030 1842 1134 1907 mavis
1154 1863 1225 1906 esse
1244 1841 1407 1925 iudicium,

184 1931 300 1994 llnou
322 1930 384 1994 tibi
408 1929 441 1994 id
464 1929 710 1995 rescindendum
734 1933 798 2014 est,
821 1929 877 1995 sed
900 1930 1078 1995 ferendum.
1123 1928 1230 2014 „Male
1252 1930 1408 1996 iudicavit

235 2016 404 2101 populus.“
425 2055 469 2065 —
492 2018 539 2083 At
561 2018 726 2084 iudicavit.
750 2055 793 2064 —
816 2017 915 2103 „Non
939 2016 1077 2083 debuitss
1094 2055 1139 2064 —
1157 2017 1204 2082 At
1225 2019 1342 2101 potuit.
1365 2055 1407 2066 —
1426 2036 1461 2085 20

234 2198 320 2259 runt
356 2195 420 2260 Est
438 2196 524 2261 enim
542 2196 624 2261 haec
642 2195 788 2261 condicio
808 2195 986 2260 liberorum
1006 2196 1200 2279 populorum
1223 2196 1408 2280 praecipue

270 2375 294 2423 3.
322 2370 393 2437 fucit
415 2386 458 2425 cos
483 2387 520 2425 sc.
545 2369 740 2439 magistratus,
763 2387 793 2425 es
884 2374 926 2424 14.
957 2369 1079 2437 primum
1113 2368 1183 2422 wird
1216 2369 1255 2422 im
1292 2368 1408 2423 aweiten

233 2440 300 2494 ktirt
322 2440 380 2509 die;
408 2441 461 2495 wie
484 2446 620 2506 51415.
651 2456 702 2510 pro
721 2440 793 2495 Mur.
848 2439 946 2494 Gliede
965 2438 1136 2509 fortgeffihrt
1154 2439 1240 2493 durch
1259 2443 1357 2494 ouum.

234 2514 249 2576 5
269 2515 310 2565 to.
884 2516 927 2565 15.
947 2525 1001 2564 eece
1018 2511 1159 2579 pr'agnant
1230 2509 1333 2578 gelten.

269 2587 294 2636 t.
322 2584 387 2651 imp.
419 2583 543 2652 Impetus
570 2583 613 2637 als
637 2581 794 2652 Gegensatz
882 2582 1037 2636 eblanditus
1054 2582 1162 2650 passiv:
1181 2578 1406 2647 erschmeichelt3

234 2650 283 2705 des
302 2651 429 2720 dilectus,
448 2652 498 2708 der
516 2652 658 2721 huswahl,
678 2652 730 2707 wie
750 2670 793 2707 sa·
847 2653 1002 2707 enucleatus
1021 2651 1081 2706 rein
1095 2651 1152 2706 und
1170 2651 1269 2720 lauter,
1287 2666 1343 2703 von
1357 2668 1407 2705 un·

232 2721 340 2791 pientia
353 2724 402 2778 der
416 2724 570 2792 temeritas,
587 2724 626 2778 ist
639 2724 684 2778 die
698 2723 793 2778 Lcune
846 2721 943 2777 reinen
980 2721 1212 2792 Beweggrr'inden
1252 2720 1407 2790 gleichsam

233 2793 275 2848 als
292 2794 480 2850 unhewusster
494 2793 598 2864 Drang,
617 2794 664 2850 bei
679 2793 791 2850 (lartius
848 2792 998 2847 enthr'ilset.

231 2869 257 2932 9,
274 2871 306 2920 17
326 2866 439 2921 mobilis
458 2866 588 2934 impetus.
884 2868 925 2918 18.
944 2863 1005 2929 Sia,
1024 2864 1066 2917 als
1083 2868 1157 2918 whre
1172 2879 1406 2934 vorengegangen

269 2942 292 2990 ἵ.
306 2937 398 2991 discr.
424 2935 486 2992 hier
505 2937 555 2991 das
569 2938 729 3003 Vermogen
748 2935 794 2990 ein
848 2934 872 2988 si
890 2933 939 3003 qui
958 2933 1121 3002 suffragium
1139 2934 1241 2999 ferunt,
1262 2933 1331 3002 quid
1350 2934 1406 2987 cui-

232 3004 313 3059 discr.
334 3025 367 3061 au
390 3007 495 3075 finden,
521 3005 793 3075 Unterscheidungs-
847 3021 900 3073 que
938 3004 1150 3059 candidatorum
1186 3003 1242 3072 ipsi
1276 3004 1406 3072 debeant,

231 3075 312 3144 gabe.
848 3074 1023 3129 considerare
1042 3075 1134 3130 solent
1151 3089 1204 3127 nec
1221 3073 1315 3127 ferunt
1332 3072 1406 3125 iudi·

267 3151 292 3201 8.
311 3147 425 3214 ferenda
442 3148 496 3201 wie
515 3151 602 3201 etwas
619 3146 747 3216 Lastiges
765 3162 793 3200 u.
847 3145 929 3203 cium.
950 3133 1073 3199 ilhnlich
1087 3148 1155 3209 515.
1179 3141 1228 3196 Sin
1242 3143 1319 3197 steht
1332 3159 1406 3197 zuar

232 3217 473 3286 Unangenehmes.
845 3216 875 3271 in
894 3216 944 3270 der
961 3215 1050 3286 Regel
1068 3214 1140 3269 nach
1158 3212 1404 3283 vorangehendem

268 3294 310 3343 10.
334 3305 400 3358 pop.
420 3290 492 3358 culp.
513 3319 546 3328 -
564 3305 619 3344 coc.
653 3286 726 3356 culp.
746 3304 791 3343 ac·
845 3286 878 3355 si,
893 3287 946 3342 wie
961 3292 976 3352 5
991 3291 1124 3352 3.11.13‚
1144 3283 1212 3340 oder
1225 3287 1299 3340 nach
1313 3285 1405 3340 einem

232 3375 329 3414 casare
352 3359 391 3414 ist
413 3359 636 3429 ungewohnlioh.
674 3357 790 3423 Quintil.
846 3356 941 3423 Setae,
965 3358 1014 3411 der
1038 3356 1080 3412 als
1099 3355 1339 3427 Bedingungssatz
1357 3372 1405 3426 ge·

232 3435 278 3498 11,
304 3435 332 3498 1,
357 3437 390 3485 81
420 3432 484 3501 sagt
511 3432 594 3500 culpe
620 3444 694 3484 nunc
722 3446 789 3498 rem,
843 3427 911 3483 falst
928 3428 1040 3482 werden
1063 3429 1151 3494 kann,
1176 3427 1248 3483 doch
1270 3427 1358 3482 findet
1375 3443 1405 3481 es

230 3516 302 3569 quae
324 3501 439 3570 ponitur
466 3502 495 3554 in
518 3502 614 3571 culpa,
642 3500 789 3570 significat,
844 3498 905 3553 sich
931 3498 1003 3552 auch
1032 3515 1069 3552 an
1093 3497 1212 3566 Stellen‚
1241 3514 1284 3552 wo
1308 3497 1404 3552 heines

231 3572 315 3640 culpa
333 3572 371 3626 ist
389 3571 449 3628 also
468 3573 539 3627 auch
563 3573 613 3627 das
632 3571 789 3640 Vergehen‚
843 3585 899 3624 von
916 3569 1019 3624 beiden
1042 3570 1092 3623 der
1110 3569 1172 3624 Fall
1194 3570 1233 3622 ist
1253 3569 1404 3637 (Anhang),

228 3641 320 3696 durch
336 3643 458 3698 welches
476 3660 542 3698 men
557 3643 603 3697 die
618 3642 723 3697 Sohuld
742 3643 794 3696 auf
881 3645 923 3695 19.
946 3639 1024 3695 Male
1041 3641 1099 3694 iud.
1116 3656 1195 3709 pop,
1217 3638 1284 3692 Noa
1302 3639 1403 3704 debuit

230 3713 291 3768 sich
309 3714 400 3781 ladet3
420 3713 507 3770 daher
521 3714 576 3769 Cic.
591 3730 641 3782 pro
656 3714 717 3782 hig.
734 3718 789 3781 1,1
844 3709 911 3766 Nou
933 3712 992 3777 fero
1020 3710 1082 3765 sind
1106 3709 1169 3764 dem
1193 3708 1352 3764 Laterensis
1373 3707 1404 3763 in

229 3785 433 3853 reprehendere
465 3786 584 3855 culpam.
631 3785 688 3839 Der
718 3783 789 3838 Aus-
844 3782 898 3835 den
916 3781 1004 3835 Mund
1023 3781 1127 3850 gelegt.
1221 3849 1227 3860 1

230 3855 318 3909 druch
332 3856 394 3912 hier
407 3857 484 3911 steht
498 3856 542 3910 fiir
557 3854 663 3925 popule
678 3854 790 3924 culpam
879 3858 922 3908 22.
942 3853 1066 3908 condicio
1084 3853 1123 3906 ist
1139 3850 1170 3904 in
1188 3866 1280 3905 semer
1294 3848 1404 3904 Grund-

230 3925 361 3981 attrihuis
381 3927 421 3998 (in
434 3928 511 3982 Verr.
527 3927 552 3981 V
570 3928 658 3996 5134)
673 3926 741 3979 oder
758 3925 789 3979 in
842 3923 1005 4004 bedeutung
1026 3909 1245 3988 Ubereinlrunft3
1271 3920 1404 3975 darunter

228 3997 365 4064 populum
384 3997 492 4052 confers
511 3997 557 4068 (de
573 3997 635 4051 Seu.
650 4000 732 4063 514,
751 3996 789 4051 du
843 3994 966 4064 begreilt
979 3993 1040 4048 sich
1056 3995 1081 4062 1)
1093 3993 1250 4061 Vorschlag
1264 4008 1326 4045 zum
1336 3991 1404 4045 Ver·
1461 4052 1463 4055 ¹

230 4067 399 4138 heziehtigst
417 4070 467 4123 der
486 4068 591 4123 Schuld
609 4066 690 4122 nicht
727 4066 790 4121 eine
843 4064 938 4132 gleich
956 4066 1084 4134 (Antrag,
1103 4063 1282 4186 Zumutung),
1302 4062 1329 4130 2)
1348 4061 1404 4143 hn-

229 4137 434 4207 Mithewerher‚
449 4138 789 4208 sondemdasVollr(vgl.
843 4135 995 4204 forderung
1036 4151 1086 4190 aus
1128 4135 1220 4189 einem
1279 4132 1404 4202 erglerch

228 4209 268 4263 im
287 4209 449 4280 Folgenden
466 4226 523 4264 non
542 4209 717 4280 compet'tor,
740 4209 789 4264 sed
843 4204 992 4329 §dulgahe
1010 4205 1123 4329 Beraq,
1143 4207 1171 4274 3)
1189 4203 1313 4258 Zustand
1330 4202 1404 4285 nach

228 4280 348 4350 populus
366 4282 396 4336 in
415 4281 499 4351 culpa
517 4281 579 4349 est).
864 4293 907 4331 em
916 4276 1087 4347 Verglerch(
1108 4293 1134 4330 re
1145 4275 1274 4343 Stellung
1286 4274 1344 4325 und
1357 4273 1402 4326 dre

266 4357 307 4406 11.
327 4354 502 4422 paulopost.
531 4369 574 4422 cp.
594 4357 609 4406 8
629 4350 686 4406 und
704 4356 728 4405 9.
843 4344 1041 4416 Mtglichkeit,
1066 4346 1093 4402 d.
1112 4347 1140 4402 h.
1159 4346 1204 4400 die
1226 4343 1402 4413 Bedingung,
